<?xml version="1.0" encoding="UTF-8"?>
<ENVELOPE>
  <HEADER>
    <TALLYREQUEST>Import Data</TALLYREQUEST>
  </HEADER>
  <BODY>
    <IMPORTDATA>
      <REQUESTDESC>
        <REPORTNAME>All Masters</REPORTNAME>
      </REQUESTDESC>
      <REQUESTDATA>


    <TALLYMESSAGE xmlns:UDF="TallyUDF">
      <VOUCHER VCHTYPE="Sales" ACTION="Create">
        <DATE>20260521</DATE>
        <VOUCHERNUMBER>INV-20260521-3578</VOUCHERNUMBER>
        <NARRATION>Sales Invoice - Mahika</NARRATION>
        <VOUCHERTYPENAME>Sales</VOUCHERTYPENAME>
        <PARTYLEDGERNAME>Sundry Debtors - Patients</PARTYLEDGERNAME>
        <ALLLEDGERENTRIES.LIST>
          <LEDGERNAME>Sundry Debtors - Patients</LEDGERNAME>
          <ISDEEMEDPOSITIVE>Yes</ISDEEMEDPOSITIVE>
          <AMOUNT>2800</AMOUNT>
        </ALLLEDGERENTRIES.LIST>
        <ALLLEDGERENTRIES.LIST>
          <LEDGERNAME>Sales Account</LEDGERNAME>
          <ISDEEMEDPOSITIVE>No</ISDEEMEDPOSITIVE>
          <AMOUNT>-2800</AMOUNT>
        </ALLLEDGERENTRIES.LIST>



      </VOUCHER>
    </TALLYMESSAGE>

    <TALLYMESSAGE xmlns:UDF="TallyUDF">
      <VOUCHER VCHTYPE="Receipt" ACTION="Create">
        <DATE>20260521</DATE>
        <VOUCHERNUMBER>RCP-DEP-1779354691969-2</VOUCHERNUMBER>
        <NARRATION>Payment received - Deposit</NARRATION>
        <VOUCHERTYPENAME>Receipt</VOUCHERTYPENAME>
        <ALLLEDGERENTRIES.LIST>
          <LEDGERNAME>Bank Accounts</LEDGERNAME>
          <ISDEEMEDPOSITIVE>Yes</ISDEEMEDPOSITIVE>
          <AMOUNT>2800</AMOUNT>
        </ALLLEDGERENTRIES.LIST>
        <ALLLEDGERENTRIES.LIST>
          <LEDGERNAME>Sundry Debtors - Patients</LEDGERNAME>
          <ISDEEMEDPOSITIVE>No</ISDEEMEDPOSITIVE>
          <AMOUNT>-2800</AMOUNT>
        </ALLLEDGERENTRIES.LIST>
      </VOUCHER>
    </TALLYMESSAGE>

    <TALLYMESSAGE xmlns:UDF="TallyUDF">
      <VOUCHER VCHTYPE="Receipt" ACTION="Create">
        <DATE>20260521</DATE>
        <VOUCHERNUMBER>RCP-DEP-1779354692958-3</VOUCHERNUMBER>
        <NARRATION>Payment received - Deposit</NARRATION>
        <VOUCHERTYPENAME>Receipt</VOUCHERTYPENAME>
        <ALLLEDGERENTRIES.LIST>
          <LEDGERNAME>Bank Accounts</LEDGERNAME>
          <ISDEEMEDPOSITIVE>Yes</ISDEEMEDPOSITIVE>
          <AMOUNT>2800</AMOUNT>
        </ALLLEDGERENTRIES.LIST>
        <ALLLEDGERENTRIES.LIST>
          <LEDGERNAME>Sundry Debtors - Patients</LEDGERNAME>
          <ISDEEMEDPOSITIVE>No</ISDEEMEDPOSITIVE>
          <AMOUNT>-2800</AMOUNT>
        </ALLLEDGERENTRIES.LIST>
      </VOUCHER>
    </TALLYMESSAGE>

    <TALLYMESSAGE xmlns:UDF="TallyUDF">
      <VOUCHER VCHTYPE="Receipt" ACTION="Create">
        <DATE>20260521</DATE>
        <VOUCHERNUMBER>RCP-1779355017365-35jm</VOUCHERNUMBER>
        <NARRATION>Payment received - Cash</NARRATION>
        <VOUCHERTYPENAME>Receipt</VOUCHERTYPENAME>
        <ALLLEDGERENTRIES.LIST>
          <LEDGERNAME>Cash</LEDGERNAME>
          <ISDEEMEDPOSITIVE>Yes</ISDEEMEDPOSITIVE>
          <AMOUNT>58500</AMOUNT>
        </ALLLEDGERENTRIES.LIST>
        <ALLLEDGERENTRIES.LIST>
          <LEDGERNAME>Sundry Debtors - Patients</LEDGERNAME>
          <ISDEEMEDPOSITIVE>No</ISDEEMEDPOSITIVE>
          <AMOUNT>-58500</AMOUNT>
        </ALLLEDGERENTRIES.LIST>
      </VOUCHER>
    </TALLYMESSAGE>
      

      

    <TALLYMESSAGE xmlns:UDF="TallyUDF">
      <LEDGER NAME="sisko" ACTION="Create">
        <NAME>sisko</NAME>
        <PARENT>Sundry Creditors</PARENT>
        <ISBILLWISEON>Yes</ISBILLWISEON>
        <ADDRESS.LIST>
          <ADDRESS>EJHFDBWEHFB</ADDRESS>
        </ADDRESS.LIST>
        <GSTIN>EKJHDEWHD</GSTIN>
        <INCOMETAXNUMBER>JDFBJBF</INCOMETAXNUMBER>
      </LEDGER>
    </TALLYMESSAGE>

    <TALLYMESSAGE xmlns:UDF="TallyUDF">
      <LEDGER NAME="HJGUFV" ACTION="Create">
        <NAME>HJGUFV</NAME>
        <PARENT>Sundry Creditors</PARENT>
        <ISBILLWISEON>Yes</ISBILLWISEON>
        <ADDRESS.LIST>
          <ADDRESS>NHVY</ADDRESS>
        </ADDRESS.LIST>
        <GSTIN>NMBVY</GSTIN>
        <INCOMETAXNUMBER>YVV</INCOMETAXNUMBER>
      </LEDGER>
    </TALLYMESSAGE>
      
      </REQUESTDATA>
    </IMPORTDATA>
  </BODY>
</ENVELOPE>