<?xml version="1.0" encoding="UTF-8"?>
<ENVELOPE>
  <HEADER>
    <TALLYREQUEST>Import Data</TALLYREQUEST>
  </HEADER>
  <BODY>
    <IMPORTDATA>
      <REQUESTDESC>
        <REPORTNAME>All Masters</REPORTNAME>
      </REQUESTDESC>
      <REQUESTDATA>


    <TALLYMESSAGE xmlns:UDF="TallyUDF">
      <VOUCHER VCHTYPE="Sales" ACTION="Create">
        <DATE>20260522</DATE>
        <VOUCHERNUMBER>INV-35255055</VOUCHERNUMBER>
        <NARRATION>Sales Invoice - Mahika</NARRATION>
        <VOUCHERTYPENAME>Sales</VOUCHERTYPENAME>
        <PARTYLEDGERNAME>Sundry Debtors - Patients</PARTYLEDGERNAME>
        <LEDGERENTRIES.LIST>
          <LEDGERNAME>Sundry Debtors - Patients</LEDGERNAME>
          <ISDEEMEDPOSITIVE>Yes</ISDEEMEDPOSITIVE>
          <AMOUNT>-500</AMOUNT>
        </LEDGERENTRIES.LIST>
        <LEDGERENTRIES.LIST>
          <LEDGERNAME>Sales Account</LEDGERNAME>
          <ISDEEMEDPOSITIVE>No</ISDEEMEDPOSITIVE>
          <AMOUNT>500</AMOUNT>
        </LEDGERENTRIES.LIST>



      </VOUCHER>
    </TALLYMESSAGE>

    <TALLYMESSAGE xmlns:UDF="TallyUDF">
      <VOUCHER VCHTYPE="Sales" ACTION="Create">
        <DATE>20260514</DATE>
        <VOUCHERNUMBER>INV-20260514-1777</VOUCHERNUMBER>
        <NARRATION>Sales Invoice - Unknown Male ~43</NARRATION>
        <VOUCHERTYPENAME>Sales</VOUCHERTYPENAME>
        <PARTYLEDGERNAME>Sundry Debtors - Patients</PARTYLEDGERNAME>
        <LEDGERENTRIES.LIST>
          <LEDGERNAME>Sundry Debtors - Patients</LEDGERNAME>
          <ISDEEMEDPOSITIVE>Yes</ISDEEMEDPOSITIVE>
          <AMOUNT>-500</AMOUNT>
        </LEDGERENTRIES.LIST>
        <LEDGERENTRIES.LIST>
          <LEDGERNAME>Sales Account</LEDGERNAME>
          <ISDEEMEDPOSITIVE>No</ISDEEMEDPOSITIVE>
          <AMOUNT>500</AMOUNT>
        </LEDGERENTRIES.LIST>



      </VOUCHER>
    </TALLYMESSAGE>

    <TALLYMESSAGE xmlns:UDF="TallyUDF">
      <VOUCHER VCHTYPE="Sales" ACTION="Create">
        <DATE>20260513</DATE>
        <VOUCHERNUMBER>INV-61515742</VOUCHERNUMBER>
        <NARRATION>Sales Invoice - Parikshit Sharma</NARRATION>
        <VOUCHERTYPENAME>Sales</VOUCHERTYPENAME>
        <PARTYLEDGERNAME>Sundry Debtors - Patients</PARTYLEDGERNAME>
        <LEDGERENTRIES.LIST>
          <LEDGERNAME>Sundry Debtors - Patients</LEDGERNAME>
          <ISDEEMEDPOSITIVE>Yes</ISDEEMEDPOSITIVE>
          <AMOUNT>-800</AMOUNT>
        </LEDGERENTRIES.LIST>
        <LEDGERENTRIES.LIST>
          <LEDGERNAME>Sales Account</LEDGERNAME>
          <ISDEEMEDPOSITIVE>No</ISDEEMEDPOSITIVE>
          <AMOUNT>800</AMOUNT>
        </LEDGERENTRIES.LIST>



      </VOUCHER>
    </TALLYMESSAGE>

    <TALLYMESSAGE xmlns:UDF="TallyUDF">
      <VOUCHER VCHTYPE="Sales" ACTION="Create">
        <DATE>20260507</DATE>
        <VOUCHERNUMBER>INV-76413883</VOUCHERNUMBER>
        <NARRATION>Sales Invoice - kjkjkjkj</NARRATION>
        <VOUCHERTYPENAME>Sales</VOUCHERTYPENAME>
        <PARTYLEDGERNAME>Sundry Debtors - Patients</PARTYLEDGERNAME>
        <LEDGERENTRIES.LIST>
          <LEDGERNAME>Sundry Debtors - Patients</LEDGERNAME>
          <ISDEEMEDPOSITIVE>Yes</ISDEEMEDPOSITIVE>
          <AMOUNT>0</AMOUNT>
        </LEDGERENTRIES.LIST>
        <LEDGERENTRIES.LIST>
          <LEDGERNAME>Sales Account</LEDGERNAME>
          <ISDEEMEDPOSITIVE>No</ISDEEMEDPOSITIVE>
          <AMOUNT>0</AMOUNT>
        </LEDGERENTRIES.LIST>



      </VOUCHER>
    </TALLYMESSAGE>

    <TALLYMESSAGE xmlns:UDF="TallyUDF">
      <VOUCHER VCHTYPE="Sales" ACTION="Create">
        <DATE>20260508</DATE>
        <VOUCHERNUMBER>INV-20260508-5031</VOUCHERNUMBER>
        <NARRATION>Sales Invoice - mahak jain</NARRATION>
        <VOUCHERTYPENAME>Sales</VOUCHERTYPENAME>
        <PARTYLEDGERNAME>Sundry Debtors - Patients</PARTYLEDGERNAME>
        <LEDGERENTRIES.LIST>
          <LEDGERNAME>Sundry Debtors - Patients</LEDGERNAME>
          <ISDEEMEDPOSITIVE>Yes</ISDEEMEDPOSITIVE>
          <AMOUNT>0</AMOUNT>
        </LEDGERENTRIES.LIST>
        <LEDGERENTRIES.LIST>
          <LEDGERNAME>Sales Account</LEDGERNAME>
          <ISDEEMEDPOSITIVE>No</ISDEEMEDPOSITIVE>
          <AMOUNT>0</AMOUNT>
        </LEDGERENTRIES.LIST>



      </VOUCHER>
    </TALLYMESSAGE>

    <TALLYMESSAGE xmlns:UDF="TallyUDF">
      <VOUCHER VCHTYPE="Sales" ACTION="Create">
        <DATE>20260514</DATE>
        <VOUCHERNUMBER>INV-20260514-2683</VOUCHERNUMBER>
        <NARRATION>Sales Invoice - Mahika</NARRATION>
        <VOUCHERTYPENAME>Sales</VOUCHERTYPENAME>
        <PARTYLEDGERNAME>Sundry Debtors - Patients</PARTYLEDGERNAME>
        <LEDGERENTRIES.LIST>
          <LEDGERNAME>Sundry Debtors - Patients</LEDGERNAME>
          <ISDEEMEDPOSITIVE>Yes</ISDEEMEDPOSITIVE>
          <AMOUNT>-3100</AMOUNT>
        </LEDGERENTRIES.LIST>
        <LEDGERENTRIES.LIST>
          <LEDGERNAME>Sales Account</LEDGERNAME>
          <ISDEEMEDPOSITIVE>No</ISDEEMEDPOSITIVE>
          <AMOUNT>2953.85</AMOUNT>
        </LEDGERENTRIES.LIST>
        <LEDGERENTRIES.LIST>
          <LEDGERNAME>CGST Payable</LEDGERNAME>
          <ISDEEMEDPOSITIVE>No</ISDEEMEDPOSITIVE>
          <AMOUNT>73.075</AMOUNT>
        </LEDGERENTRIES.LIST>
        <LEDGERENTRIES.LIST>
          <LEDGERNAME>SGST Payable</LEDGERNAME>
          <ISDEEMEDPOSITIVE>No</ISDEEMEDPOSITIVE>
          <AMOUNT>73.075</AMOUNT>
        </LEDGERENTRIES.LIST>

      </VOUCHER>
    </TALLYMESSAGE>

    <TALLYMESSAGE xmlns:UDF="TallyUDF">
      <VOUCHER VCHTYPE="Sales" ACTION="Create">
        <DATE>20260511</DATE>
        <VOUCHERNUMBER>INV-11525025</VOUCHERNUMBER>
        <NARRATION>Sales Invoice - Rahul</NARRATION>
        <VOUCHERTYPENAME>Sales</VOUCHERTYPENAME>
        <PARTYLEDGERNAME>Sundry Debtors - Patients</PARTYLEDGERNAME>
        <LEDGERENTRIES.LIST>
          <LEDGERNAME>Sundry Debtors - Patients</LEDGERNAME>
          <ISDEEMEDPOSITIVE>Yes</ISDEEMEDPOSITIVE>
          <AMOUNT>-6088</AMOUNT>
        </LEDGERENTRIES.LIST>
        <LEDGERENTRIES.LIST>
          <LEDGERNAME>Sales Account</LEDGERNAME>
          <ISDEEMEDPOSITIVE>No</ISDEEMEDPOSITIVE>
          <AMOUNT>6088</AMOUNT>
        </LEDGERENTRIES.LIST>



      </VOUCHER>
    </TALLYMESSAGE>

    <TALLYMESSAGE xmlns:UDF="TallyUDF">
      <VOUCHER VCHTYPE="Sales" ACTION="Create">
        <DATE>20260511</DATE>
        <VOUCHERNUMBER>INV-11857492</VOUCHERNUMBER>
        <NARRATION>Sales Invoice - Mahika</NARRATION>
        <VOUCHERTYPENAME>Sales</VOUCHERTYPENAME>
        <PARTYLEDGERNAME>Sundry Debtors - Patients</PARTYLEDGERNAME>
        <LEDGERENTRIES.LIST>
          <LEDGERNAME>Sundry Debtors - Patients</LEDGERNAME>
          <ISDEEMEDPOSITIVE>Yes</ISDEEMEDPOSITIVE>
          <AMOUNT>-6088</AMOUNT>
        </LEDGERENTRIES.LIST>
        <LEDGERENTRIES.LIST>
          <LEDGERNAME>Sales Account</LEDGERNAME>
          <ISDEEMEDPOSITIVE>No</ISDEEMEDPOSITIVE>
          <AMOUNT>6088</AMOUNT>
        </LEDGERENTRIES.LIST>



      </VOUCHER>
    </TALLYMESSAGE>

    <TALLYMESSAGE xmlns:UDF="TallyUDF">
      <VOUCHER VCHTYPE="Sales" ACTION="Create">
        <DATE>20260509</DATE>
        <VOUCHERNUMBER>INV-20260509-1714</VOUCHERNUMBER>
        <NARRATION>Sales Invoice - Rahul</NARRATION>
        <VOUCHERTYPENAME>Sales</VOUCHERTYPENAME>
        <PARTYLEDGERNAME>Sundry Debtors - Patients</PARTYLEDGERNAME>
        <LEDGERENTRIES.LIST>
          <LEDGERNAME>Sundry Debtors - Patients</LEDGERNAME>
          <ISDEEMEDPOSITIVE>Yes</ISDEEMEDPOSITIVE>
          <AMOUNT>-500</AMOUNT>
        </LEDGERENTRIES.LIST>
        <LEDGERENTRIES.LIST>
          <LEDGERNAME>Sales Account</LEDGERNAME>
          <ISDEEMEDPOSITIVE>No</ISDEEMEDPOSITIVE>
          <AMOUNT>500</AMOUNT>
        </LEDGERENTRIES.LIST>



      </VOUCHER>
    </TALLYMESSAGE>

    <TALLYMESSAGE xmlns:UDF="TallyUDF">
      <VOUCHER VCHTYPE="Sales" ACTION="Create">
        <DATE>20260511</DATE>
        <VOUCHERNUMBER>INV-20260511-3916</VOUCHERNUMBER>
        <NARRATION>Sales Invoice - Rohan</NARRATION>
        <VOUCHERTYPENAME>Sales</VOUCHERTYPENAME>
        <PARTYLEDGERNAME>Sundry Debtors - Patients</PARTYLEDGERNAME>
        <LEDGERENTRIES.LIST>
          <LEDGERNAME>Sundry Debtors - Patients</LEDGERNAME>
          <ISDEEMEDPOSITIVE>Yes</ISDEEMEDPOSITIVE>
          <AMOUNT>-500</AMOUNT>
        </LEDGERENTRIES.LIST>
        <LEDGERENTRIES.LIST>
          <LEDGERNAME>Sales Account</LEDGERNAME>
          <ISDEEMEDPOSITIVE>No</ISDEEMEDPOSITIVE>
          <AMOUNT>500</AMOUNT>
        </LEDGERENTRIES.LIST>



      </VOUCHER>
    </TALLYMESSAGE>

    <TALLYMESSAGE xmlns:UDF="TallyUDF">
      <VOUCHER VCHTYPE="Sales" ACTION="Create">
        <DATE>20260513</DATE>
        <VOUCHERNUMBER>INV-20260512-9125</VOUCHERNUMBER>
        <NARRATION>Sales Invoice - Rohan</NARRATION>
        <VOUCHERTYPENAME>Sales</VOUCHERTYPENAME>
        <PARTYLEDGERNAME>Sundry Debtors - Patients</PARTYLEDGERNAME>
        <LEDGERENTRIES.LIST>
          <LEDGERNAME>Sundry Debtors - Patients</LEDGERNAME>
          <ISDEEMEDPOSITIVE>Yes</ISDEEMEDPOSITIVE>
          <AMOUNT>-1500</AMOUNT>
        </LEDGERENTRIES.LIST>
        <LEDGERENTRIES.LIST>
          <LEDGERNAME>Sales Account</LEDGERNAME>
          <ISDEEMEDPOSITIVE>No</ISDEEMEDPOSITIVE>
          <AMOUNT>1500</AMOUNT>
        </LEDGERENTRIES.LIST>



      </VOUCHER>
    </TALLYMESSAGE>

    <TALLYMESSAGE xmlns:UDF="TallyUDF">
      <VOUCHER VCHTYPE="Sales" ACTION="Create">
        <DATE>20260509</DATE>
        <VOUCHERNUMBER>INV-20260509-4812</VOUCHERNUMBER>
        <NARRATION>Sales Invoice - Mahika</NARRATION>
        <VOUCHERTYPENAME>Sales</VOUCHERTYPENAME>
        <PARTYLEDGERNAME>Sundry Debtors - Patients</PARTYLEDGERNAME>
        <LEDGERENTRIES.LIST>
          <LEDGERNAME>Sundry Debtors - Patients</LEDGERNAME>
          <ISDEEMEDPOSITIVE>Yes</ISDEEMEDPOSITIVE>
          <AMOUNT>-500</AMOUNT>
        </LEDGERENTRIES.LIST>
        <LEDGERENTRIES.LIST>
          <LEDGERNAME>Sales Account</LEDGERNAME>
          <ISDEEMEDPOSITIVE>No</ISDEEMEDPOSITIVE>
          <AMOUNT>500</AMOUNT>
        </LEDGERENTRIES.LIST>



      </VOUCHER>
    </TALLYMESSAGE>

    <TALLYMESSAGE xmlns:UDF="TallyUDF">
      <VOUCHER VCHTYPE="Sales" ACTION="Create">
        <DATE>20260513</DATE>
        <VOUCHERNUMBER>INV-71551834</VOUCHERNUMBER>
        <NARRATION>Sales Invoice - vinay</NARRATION>
        <VOUCHERTYPENAME>Sales</VOUCHERTYPENAME>
        <PARTYLEDGERNAME>Sundry Debtors - Patients</PARTYLEDGERNAME>
        <LEDGERENTRIES.LIST>
          <LEDGERNAME>Sundry Debtors - Patients</LEDGERNAME>
          <ISDEEMEDPOSITIVE>Yes</ISDEEMEDPOSITIVE>
          <AMOUNT>-300</AMOUNT>
        </LEDGERENTRIES.LIST>
        <LEDGERENTRIES.LIST>
          <LEDGERNAME>Sales Account</LEDGERNAME>
          <ISDEEMEDPOSITIVE>No</ISDEEMEDPOSITIVE>
          <AMOUNT>300</AMOUNT>
        </LEDGERENTRIES.LIST>



      </VOUCHER>
    </TALLYMESSAGE>

    <TALLYMESSAGE xmlns:UDF="TallyUDF">
      <VOUCHER VCHTYPE="Sales" ACTION="Create">
        <DATE>20260514</DATE>
        <VOUCHERNUMBER>PINV-20260514-7246</VOUCHERNUMBER>
        <NARRATION>Sales Invoice - Walk-in Patient (OTC)</NARRATION>
        <VOUCHERTYPENAME>Sales</VOUCHERTYPENAME>
        <PARTYLEDGERNAME>Sundry Debtors - Patients</PARTYLEDGERNAME>
        <LEDGERENTRIES.LIST>
          <LEDGERNAME>Sundry Debtors - Patients</LEDGERNAME>
          <ISDEEMEDPOSITIVE>Yes</ISDEEMEDPOSITIVE>
          <AMOUNT>-40</AMOUNT>
        </LEDGERENTRIES.LIST>
        <LEDGERENTRIES.LIST>
          <LEDGERNAME>Sales Account</LEDGERNAME>
          <ISDEEMEDPOSITIVE>No</ISDEEMEDPOSITIVE>
          <AMOUNT>40</AMOUNT>
        </LEDGERENTRIES.LIST>



      </VOUCHER>
    </TALLYMESSAGE>

    <TALLYMESSAGE xmlns:UDF="TallyUDF">
      <VOUCHER VCHTYPE="Sales" ACTION="Create">
        <DATE>20260508</DATE>
        <VOUCHERNUMBER>INV-20260508-9023</VOUCHERNUMBER>
        <NARRATION>Sales Invoice - mahak jain</NARRATION>
        <VOUCHERTYPENAME>Sales</VOUCHERTYPENAME>
        <PARTYLEDGERNAME>Sundry Debtors - Patients</PARTYLEDGERNAME>
        <LEDGERENTRIES.LIST>
          <LEDGERNAME>Sundry Debtors - Patients</LEDGERNAME>
          <ISDEEMEDPOSITIVE>Yes</ISDEEMEDPOSITIVE>
          <AMOUNT>-6200</AMOUNT>
        </LEDGERENTRIES.LIST>
        <LEDGERENTRIES.LIST>
          <LEDGERNAME>Sales Account</LEDGERNAME>
          <ISDEEMEDPOSITIVE>No</ISDEEMEDPOSITIVE>
          <AMOUNT>6200</AMOUNT>
        </LEDGERENTRIES.LIST>



      </VOUCHER>
    </TALLYMESSAGE>

    <TALLYMESSAGE xmlns:UDF="TallyUDF">
      <VOUCHER VCHTYPE="Sales" ACTION="Create">
        <DATE>20260514</DATE>
        <VOUCHERNUMBER>INV-20260514-4211</VOUCHERNUMBER>
        <NARRATION>Sales Invoice - Unknown Male ~43</NARRATION>
        <VOUCHERTYPENAME>Sales</VOUCHERTYPENAME>
        <PARTYLEDGERNAME>Sundry Debtors - Patients</PARTYLEDGERNAME>
        <LEDGERENTRIES.LIST>
          <LEDGERNAME>Sundry Debtors - Patients</LEDGERNAME>
          <ISDEEMEDPOSITIVE>Yes</ISDEEMEDPOSITIVE>
          <AMOUNT>-500</AMOUNT>
        </LEDGERENTRIES.LIST>
        <LEDGERENTRIES.LIST>
          <LEDGERNAME>Sales Account</LEDGERNAME>
          <ISDEEMEDPOSITIVE>No</ISDEEMEDPOSITIVE>
          <AMOUNT>500</AMOUNT>
        </LEDGERENTRIES.LIST>



      </VOUCHER>
    </TALLYMESSAGE>

    <TALLYMESSAGE xmlns:UDF="TallyUDF">
      <VOUCHER VCHTYPE="Sales" ACTION="Create">
        <DATE>20260514</DATE>
        <VOUCHERNUMBER>INV-20260514-2702</VOUCHERNUMBER>
        <NARRATION>Sales Invoice - akshay</NARRATION>
        <VOUCHERTYPENAME>Sales</VOUCHERTYPENAME>
        <PARTYLEDGERNAME>Sundry Debtors - Patients</PARTYLEDGERNAME>
        <LEDGERENTRIES.LIST>
          <LEDGERNAME>Sundry Debtors - Patients</LEDGERNAME>
          <ISDEEMEDPOSITIVE>Yes</ISDEEMEDPOSITIVE>
          <AMOUNT>0</AMOUNT>
        </LEDGERENTRIES.LIST>
        <LEDGERENTRIES.LIST>
          <LEDGERNAME>Sales Account</LEDGERNAME>
          <ISDEEMEDPOSITIVE>No</ISDEEMEDPOSITIVE>
          <AMOUNT>0</AMOUNT>
        </LEDGERENTRIES.LIST>



      </VOUCHER>
    </TALLYMESSAGE>

    <TALLYMESSAGE xmlns:UDF="TallyUDF">
      <VOUCHER VCHTYPE="Sales" ACTION="Create">
        <DATE>20260514</DATE>
        <VOUCHERNUMBER>INV-20260514-6995</VOUCHERNUMBER>
        <NARRATION>Sales Invoice - akshay</NARRATION>
        <VOUCHERTYPENAME>Sales</VOUCHERTYPENAME>
        <PARTYLEDGERNAME>Sundry Debtors - Patients</PARTYLEDGERNAME>
        <LEDGERENTRIES.LIST>
          <LEDGERNAME>Sundry Debtors - Patients</LEDGERNAME>
          <ISDEEMEDPOSITIVE>Yes</ISDEEMEDPOSITIVE>
          <AMOUNT>0</AMOUNT>
        </LEDGERENTRIES.LIST>
        <LEDGERENTRIES.LIST>
          <LEDGERNAME>Sales Account</LEDGERNAME>
          <ISDEEMEDPOSITIVE>No</ISDEEMEDPOSITIVE>
          <AMOUNT>0</AMOUNT>
        </LEDGERENTRIES.LIST>



      </VOUCHER>
    </TALLYMESSAGE>

    <TALLYMESSAGE xmlns:UDF="TallyUDF">
      <VOUCHER VCHTYPE="Sales" ACTION="Create">
        <DATE>20260514</DATE>
        <VOUCHERNUMBER>INV-20260514-5228</VOUCHERNUMBER>
        <NARRATION>Sales Invoice - sagar</NARRATION>
        <VOUCHERTYPENAME>Sales</VOUCHERTYPENAME>
        <PARTYLEDGERNAME>Sundry Debtors - Patients</PARTYLEDGERNAME>
        <LEDGERENTRIES.LIST>
          <LEDGERNAME>Sundry Debtors - Patients</LEDGERNAME>
          <ISDEEMEDPOSITIVE>Yes</ISDEEMEDPOSITIVE>
          <AMOUNT>-100</AMOUNT>
        </LEDGERENTRIES.LIST>
        <LEDGERENTRIES.LIST>
          <LEDGERNAME>Sales Account</LEDGERNAME>
          <ISDEEMEDPOSITIVE>No</ISDEEMEDPOSITIVE>
          <AMOUNT>100</AMOUNT>
        </LEDGERENTRIES.LIST>



      </VOUCHER>
    </TALLYMESSAGE>

    <TALLYMESSAGE xmlns:UDF="TallyUDF">
      <VOUCHER VCHTYPE="Sales" ACTION="Create">
        <DATE>20260514</DATE>
        <VOUCHERNUMBER>INV-55755635</VOUCHERNUMBER>
        <NARRATION>Sales Invoice - sagar</NARRATION>
        <VOUCHERTYPENAME>Sales</VOUCHERTYPENAME>
        <PARTYLEDGERNAME>Sundry Debtors - Patients</PARTYLEDGERNAME>
        <LEDGERENTRIES.LIST>
          <LEDGERNAME>Sundry Debtors - Patients</LEDGERNAME>
          <ISDEEMEDPOSITIVE>Yes</ISDEEMEDPOSITIVE>
          <AMOUNT>-500</AMOUNT>
        </LEDGERENTRIES.LIST>
        <LEDGERENTRIES.LIST>
          <LEDGERNAME>Sales Account</LEDGERNAME>
          <ISDEEMEDPOSITIVE>No</ISDEEMEDPOSITIVE>
          <AMOUNT>500</AMOUNT>
        </LEDGERENTRIES.LIST>



      </VOUCHER>
    </TALLYMESSAGE>

    <TALLYMESSAGE xmlns:UDF="TallyUDF">
      <VOUCHER VCHTYPE="Sales" ACTION="Create">
        <DATE>20260513</DATE>
        <VOUCHERNUMBER>INV-20260513-3287</VOUCHERNUMBER>
        <NARRATION>Sales Invoice - Vinay Vinay</NARRATION>
        <VOUCHERTYPENAME>Sales</VOUCHERTYPENAME>
        <PARTYLEDGERNAME>Sundry Debtors - Patients</PARTYLEDGERNAME>
        <LEDGERENTRIES.LIST>
          <LEDGERNAME>Sundry Debtors - Patients</LEDGERNAME>
          <ISDEEMEDPOSITIVE>Yes</ISDEEMEDPOSITIVE>
          <AMOUNT>-1500</AMOUNT>
        </LEDGERENTRIES.LIST>
        <LEDGERENTRIES.LIST>
          <LEDGERNAME>Sales Account</LEDGERNAME>
          <ISDEEMEDPOSITIVE>No</ISDEEMEDPOSITIVE>
          <AMOUNT>1500</AMOUNT>
        </LEDGERENTRIES.LIST>



      </VOUCHER>
    </TALLYMESSAGE>

    <TALLYMESSAGE xmlns:UDF="TallyUDF">
      <VOUCHER VCHTYPE="Sales" ACTION="Create">
        <DATE>20260514</DATE>
        <VOUCHERNUMBER>INV-20260514-5030</VOUCHERNUMBER>
        <NARRATION>Sales Invoice - akshay</NARRATION>
        <VOUCHERTYPENAME>Sales</VOUCHERTYPENAME>
        <PARTYLEDGERNAME>Sundry Debtors - Patients</PARTYLEDGERNAME>
        <LEDGERENTRIES.LIST>
          <LEDGERNAME>Sundry Debtors - Patients</LEDGERNAME>
          <ISDEEMEDPOSITIVE>Yes</ISDEEMEDPOSITIVE>
          <AMOUNT>0</AMOUNT>
        </LEDGERENTRIES.LIST>
        <LEDGERENTRIES.LIST>
          <LEDGERNAME>Sales Account</LEDGERNAME>
          <ISDEEMEDPOSITIVE>No</ISDEEMEDPOSITIVE>
          <AMOUNT>0</AMOUNT>
        </LEDGERENTRIES.LIST>



      </VOUCHER>
    </TALLYMESSAGE>

    <TALLYMESSAGE xmlns:UDF="TallyUDF">
      <VOUCHER VCHTYPE="Sales" ACTION="Create">
        <DATE>20260509</DATE>
        <VOUCHERNUMBER>INV-20260509-0591</VOUCHERNUMBER>
        <NARRATION>Sales Invoice - Parikshit Sharma</NARRATION>
        <VOUCHERTYPENAME>Sales</VOUCHERTYPENAME>
        <PARTYLEDGERNAME>Sundry Debtors - Patients</PARTYLEDGERNAME>
        <LEDGERENTRIES.LIST>
          <LEDGERNAME>Sundry Debtors - Patients</LEDGERNAME>
          <ISDEEMEDPOSITIVE>Yes</ISDEEMEDPOSITIVE>
          <AMOUNT>-150</AMOUNT>
        </LEDGERENTRIES.LIST>
        <LEDGERENTRIES.LIST>
          <LEDGERNAME>Sales Account</LEDGERNAME>
          <ISDEEMEDPOSITIVE>No</ISDEEMEDPOSITIVE>
          <AMOUNT>150</AMOUNT>
        </LEDGERENTRIES.LIST>



      </VOUCHER>
    </TALLYMESSAGE>

    <TALLYMESSAGE xmlns:UDF="TallyUDF">
      <VOUCHER VCHTYPE="Sales" ACTION="Create">
        <DATE>20260514</DATE>
        <VOUCHERNUMBER>INV-20260514-0706</VOUCHERNUMBER>
        <NARRATION>Sales Invoice - akshay</NARRATION>
        <VOUCHERTYPENAME>Sales</VOUCHERTYPENAME>
        <PARTYLEDGERNAME>Sundry Debtors - Patients</PARTYLEDGERNAME>
        <LEDGERENTRIES.LIST>
          <LEDGERNAME>Sundry Debtors - Patients</LEDGERNAME>
          <ISDEEMEDPOSITIVE>Yes</ISDEEMEDPOSITIVE>
          <AMOUNT>-49200</AMOUNT>
        </LEDGERENTRIES.LIST>
        <LEDGERENTRIES.LIST>
          <LEDGERNAME>Sales Account</LEDGERNAME>
          <ISDEEMEDPOSITIVE>No</ISDEEMEDPOSITIVE>
          <AMOUNT>48903.3</AMOUNT>
        </LEDGERENTRIES.LIST>
        <LEDGERENTRIES.LIST>
          <LEDGERNAME>CGST Payable</LEDGERNAME>
          <ISDEEMEDPOSITIVE>No</ISDEEMEDPOSITIVE>
          <AMOUNT>148.35</AMOUNT>
        </LEDGERENTRIES.LIST>
        <LEDGERENTRIES.LIST>
          <LEDGERNAME>SGST Payable</LEDGERNAME>
          <ISDEEMEDPOSITIVE>No</ISDEEMEDPOSITIVE>
          <AMOUNT>148.35</AMOUNT>
        </LEDGERENTRIES.LIST>

      </VOUCHER>
    </TALLYMESSAGE>

    <TALLYMESSAGE xmlns:UDF="TallyUDF">
      <VOUCHER VCHTYPE="Sales" ACTION="Create">
        <DATE>20260514</DATE>
        <VOUCHERNUMBER>PINV-20260514-2721</VOUCHERNUMBER>
        <NARRATION>Sales Invoice - Mahika</NARRATION>
        <VOUCHERTYPENAME>Sales</VOUCHERTYPENAME>
        <PARTYLEDGERNAME>Sundry Debtors - Patients</PARTYLEDGERNAME>
        <LEDGERENTRIES.LIST>
          <LEDGERNAME>Sundry Debtors - Patients</LEDGERNAME>
          <ISDEEMEDPOSITIVE>Yes</ISDEEMEDPOSITIVE>
          <AMOUNT>-8</AMOUNT>
        </LEDGERENTRIES.LIST>
        <LEDGERENTRIES.LIST>
          <LEDGERNAME>Sales Account</LEDGERNAME>
          <ISDEEMEDPOSITIVE>No</ISDEEMEDPOSITIVE>
          <AMOUNT>8</AMOUNT>
        </LEDGERENTRIES.LIST>



      </VOUCHER>
    </TALLYMESSAGE>

    <TALLYMESSAGE xmlns:UDF="TallyUDF">
      <VOUCHER VCHTYPE="Sales" ACTION="Create">
        <DATE>20260514</DATE>
        <VOUCHERNUMBER>INV-20260514-5873</VOUCHERNUMBER>
        <NARRATION>Sales Invoice - Mahika</NARRATION>
        <VOUCHERTYPENAME>Sales</VOUCHERTYPENAME>
        <PARTYLEDGERNAME>Sundry Debtors - Patients</PARTYLEDGERNAME>
        <LEDGERENTRIES.LIST>
          <LEDGERNAME>Sundry Debtors - Patients</LEDGERNAME>
          <ISDEEMEDPOSITIVE>Yes</ISDEEMEDPOSITIVE>
          <AMOUNT>-25800</AMOUNT>
        </LEDGERENTRIES.LIST>
        <LEDGERENTRIES.LIST>
          <LEDGERNAME>Sales Account</LEDGERNAME>
          <ISDEEMEDPOSITIVE>No</ISDEEMEDPOSITIVE>
          <AMOUNT>25800</AMOUNT>
        </LEDGERENTRIES.LIST>



      </VOUCHER>
    </TALLYMESSAGE>

    <TALLYMESSAGE xmlns:UDF="TallyUDF">
      <VOUCHER VCHTYPE="Sales" ACTION="Create">
        <DATE>20260515</DATE>
        <VOUCHERNUMBER>INV-37698347</VOUCHERNUMBER>
        <NARRATION>Sales Invoice - Vinay Vinay</NARRATION>
        <VOUCHERTYPENAME>Sales</VOUCHERTYPENAME>
        <PARTYLEDGERNAME>Sundry Debtors - Patients</PARTYLEDGERNAME>
        <LEDGERENTRIES.LIST>
          <LEDGERNAME>Sundry Debtors - Patients</LEDGERNAME>
          <ISDEEMEDPOSITIVE>Yes</ISDEEMEDPOSITIVE>
          <AMOUNT>-250</AMOUNT>
        </LEDGERENTRIES.LIST>
        <LEDGERENTRIES.LIST>
          <LEDGERNAME>Sales Account</LEDGERNAME>
          <ISDEEMEDPOSITIVE>No</ISDEEMEDPOSITIVE>
          <AMOUNT>250</AMOUNT>
        </LEDGERENTRIES.LIST>



      </VOUCHER>
    </TALLYMESSAGE>

    <TALLYMESSAGE xmlns:UDF="TallyUDF">
      <VOUCHER VCHTYPE="Sales" ACTION="Create">
        <DATE>20260515</DATE>
        <VOUCHERNUMBER>INV-37941152</VOUCHERNUMBER>
        <NARRATION>Sales Invoice - Vinay Vinay</NARRATION>
        <VOUCHERTYPENAME>Sales</VOUCHERTYPENAME>
        <PARTYLEDGERNAME>Sundry Debtors - Patients</PARTYLEDGERNAME>
        <LEDGERENTRIES.LIST>
          <LEDGERNAME>Sundry Debtors - Patients</LEDGERNAME>
          <ISDEEMEDPOSITIVE>Yes</ISDEEMEDPOSITIVE>
          <AMOUNT>-500</AMOUNT>
        </LEDGERENTRIES.LIST>
        <LEDGERENTRIES.LIST>
          <LEDGERNAME>Sales Account</LEDGERNAME>
          <ISDEEMEDPOSITIVE>No</ISDEEMEDPOSITIVE>
          <AMOUNT>500</AMOUNT>
        </LEDGERENTRIES.LIST>



      </VOUCHER>
    </TALLYMESSAGE>

    <TALLYMESSAGE xmlns:UDF="TallyUDF">
      <VOUCHER VCHTYPE="Sales" ACTION="Create">
        <DATE>20260515</DATE>
        <VOUCHERNUMBER>INV-39533474</VOUCHERNUMBER>
        <NARRATION>Sales Invoice - Vinay Vinay</NARRATION>
        <VOUCHERTYPENAME>Sales</VOUCHERTYPENAME>
        <PARTYLEDGERNAME>Sundry Debtors - Patients</PARTYLEDGERNAME>
        <LEDGERENTRIES.LIST>
          <LEDGERNAME>Sundry Debtors - Patients</LEDGERNAME>
          <ISDEEMEDPOSITIVE>Yes</ISDEEMEDPOSITIVE>
          <AMOUNT>-500</AMOUNT>
        </LEDGERENTRIES.LIST>
        <LEDGERENTRIES.LIST>
          <LEDGERNAME>Sales Account</LEDGERNAME>
          <ISDEEMEDPOSITIVE>No</ISDEEMEDPOSITIVE>
          <AMOUNT>500</AMOUNT>
        </LEDGERENTRIES.LIST>



      </VOUCHER>
    </TALLYMESSAGE>

    <TALLYMESSAGE xmlns:UDF="TallyUDF">
      <VOUCHER VCHTYPE="Sales" ACTION="Create">
        <DATE>20260523</DATE>
        <VOUCHERNUMBER>INV-20260523-5173</VOUCHERNUMBER>
        <NARRATION>Sales Invoice - Parikshit Sharma</NARRATION>
        <VOUCHERTYPENAME>Sales</VOUCHERTYPENAME>
        <PARTYLEDGERNAME>Sundry Debtors - Patients</PARTYLEDGERNAME>
        <LEDGERENTRIES.LIST>
          <LEDGERNAME>Sundry Debtors - Patients</LEDGERNAME>
          <ISDEEMEDPOSITIVE>Yes</ISDEEMEDPOSITIVE>
          <AMOUNT>-500</AMOUNT>
        </LEDGERENTRIES.LIST>
        <LEDGERENTRIES.LIST>
          <LEDGERNAME>Sales Account</LEDGERNAME>
          <ISDEEMEDPOSITIVE>No</ISDEEMEDPOSITIVE>
          <AMOUNT>500</AMOUNT>
        </LEDGERENTRIES.LIST>



      </VOUCHER>
    </TALLYMESSAGE>

    <TALLYMESSAGE xmlns:UDF="TallyUDF">
      <VOUCHER VCHTYPE="Sales" ACTION="Create">
        <DATE>20260521</DATE>
        <VOUCHERNUMBER>INV-20260521-1446</VOUCHERNUMBER>
        <NARRATION>Sales Invoice - Mahika</NARRATION>
        <VOUCHERTYPENAME>Sales</VOUCHERTYPENAME>
        <PARTYLEDGERNAME>Sundry Debtors - Patients</PARTYLEDGERNAME>
        <LEDGERENTRIES.LIST>
          <LEDGERNAME>Sundry Debtors - Patients</LEDGERNAME>
          <ISDEEMEDPOSITIVE>Yes</ISDEEMEDPOSITIVE>
          <AMOUNT>-1400</AMOUNT>
        </LEDGERENTRIES.LIST>
        <LEDGERENTRIES.LIST>
          <LEDGERNAME>Sales Account</LEDGERNAME>
          <ISDEEMEDPOSITIVE>No</ISDEEMEDPOSITIVE>
          <AMOUNT>1400</AMOUNT>
        </LEDGERENTRIES.LIST>



      </VOUCHER>
    </TALLYMESSAGE>

    <TALLYMESSAGE xmlns:UDF="TallyUDF">
      <VOUCHER VCHTYPE="Sales" ACTION="Create">
        <DATE>20260520</DATE>
        <VOUCHERNUMBER>IPD-EMRG-00050</VOUCHERNUMBER>
        <NARRATION>Sales Invoice - Mannu</NARRATION>
        <VOUCHERTYPENAME>Sales</VOUCHERTYPENAME>
        <PARTYLEDGERNAME>Sundry Debtors - Patients</PARTYLEDGERNAME>
        <LEDGERENTRIES.LIST>
          <LEDGERNAME>Sundry Debtors - Patients</LEDGERNAME>
          <ISDEEMEDPOSITIVE>Yes</ISDEEMEDPOSITIVE>
          <AMOUNT>-1400</AMOUNT>
        </LEDGERENTRIES.LIST>
        <LEDGERENTRIES.LIST>
          <LEDGERNAME>Sales Account</LEDGERNAME>
          <ISDEEMEDPOSITIVE>No</ISDEEMEDPOSITIVE>
          <AMOUNT>1400</AMOUNT>
        </LEDGERENTRIES.LIST>



      </VOUCHER>
    </TALLYMESSAGE>

    <TALLYMESSAGE xmlns:UDF="TallyUDF">
      <VOUCHER VCHTYPE="Sales" ACTION="Create">
        <DATE>20260519</DATE>
        <VOUCHERNUMBER>INV-86358060</VOUCHERNUMBER>
        <NARRATION>Sales Invoice - Mahika</NARRATION>
        <VOUCHERTYPENAME>Sales</VOUCHERTYPENAME>
        <PARTYLEDGERNAME>Sundry Debtors - Patients</PARTYLEDGERNAME>
        <LEDGERENTRIES.LIST>
          <LEDGERNAME>Sundry Debtors - Patients</LEDGERNAME>
          <ISDEEMEDPOSITIVE>Yes</ISDEEMEDPOSITIVE>
          <AMOUNT>0</AMOUNT>
        </LEDGERENTRIES.LIST>
        <LEDGERENTRIES.LIST>
          <LEDGERNAME>Sales Account</LEDGERNAME>
          <ISDEEMEDPOSITIVE>No</ISDEEMEDPOSITIVE>
          <AMOUNT>0</AMOUNT>
        </LEDGERENTRIES.LIST>



      </VOUCHER>
    </TALLYMESSAGE>

    <TALLYMESSAGE xmlns:UDF="TallyUDF">
      <VOUCHER VCHTYPE="Sales" ACTION="Create">
        <DATE>20260519</DATE>
        <VOUCHERNUMBER>INV-86897975</VOUCHERNUMBER>
        <NARRATION>Sales Invoice - vinay</NARRATION>
        <VOUCHERTYPENAME>Sales</VOUCHERTYPENAME>
        <PARTYLEDGERNAME>Sundry Debtors - Patients</PARTYLEDGERNAME>
        <LEDGERENTRIES.LIST>
          <LEDGERNAME>Sundry Debtors - Patients</LEDGERNAME>
          <ISDEEMEDPOSITIVE>Yes</ISDEEMEDPOSITIVE>
          <AMOUNT>-500</AMOUNT>
        </LEDGERENTRIES.LIST>
        <LEDGERENTRIES.LIST>
          <LEDGERNAME>Sales Account</LEDGERNAME>
          <ISDEEMEDPOSITIVE>No</ISDEEMEDPOSITIVE>
          <AMOUNT>500</AMOUNT>
        </LEDGERENTRIES.LIST>



      </VOUCHER>
    </TALLYMESSAGE>

    <TALLYMESSAGE xmlns:UDF="TallyUDF">
      <VOUCHER VCHTYPE="Sales" ACTION="Create">
        <DATE>20260519</DATE>
        <VOUCHERNUMBER>INV-86983601</VOUCHERNUMBER>
        <NARRATION>Sales Invoice - Mahika</NARRATION>
        <VOUCHERTYPENAME>Sales</VOUCHERTYPENAME>
        <PARTYLEDGERNAME>Sundry Debtors - Patients</PARTYLEDGERNAME>
        <LEDGERENTRIES.LIST>
          <LEDGERNAME>Sundry Debtors - Patients</LEDGERNAME>
          <ISDEEMEDPOSITIVE>Yes</ISDEEMEDPOSITIVE>
          <AMOUNT>-500</AMOUNT>
        </LEDGERENTRIES.LIST>
        <LEDGERENTRIES.LIST>
          <LEDGERNAME>Sales Account</LEDGERNAME>
          <ISDEEMEDPOSITIVE>No</ISDEEMEDPOSITIVE>
          <AMOUNT>500</AMOUNT>
        </LEDGERENTRIES.LIST>



      </VOUCHER>
    </TALLYMESSAGE>

    <TALLYMESSAGE xmlns:UDF="TallyUDF">
      <VOUCHER VCHTYPE="Sales" ACTION="Create">
        <DATE>20260520</DATE>
        <VOUCHERNUMBER>INV-20260519-2753</VOUCHERNUMBER>
        <NARRATION>Sales Invoice - Parikshit Sharma</NARRATION>
        <VOUCHERTYPENAME>Sales</VOUCHERTYPENAME>
        <PARTYLEDGERNAME>Sundry Debtors - Patients</PARTYLEDGERNAME>
        <LEDGERENTRIES.LIST>
          <LEDGERNAME>Sundry Debtors - Patients</LEDGERNAME>
          <ISDEEMEDPOSITIVE>Yes</ISDEEMEDPOSITIVE>
          <AMOUNT>-150</AMOUNT>
        </LEDGERENTRIES.LIST>
        <LEDGERENTRIES.LIST>
          <LEDGERNAME>Sales Account</LEDGERNAME>
          <ISDEEMEDPOSITIVE>No</ISDEEMEDPOSITIVE>
          <AMOUNT>150</AMOUNT>
        </LEDGERENTRIES.LIST>



      </VOUCHER>
    </TALLYMESSAGE>

    <TALLYMESSAGE xmlns:UDF="TallyUDF">
      <VOUCHER VCHTYPE="Sales" ACTION="Create">
        <DATE>20260520</DATE>
        <VOUCHERNUMBER>INV-20260519-8215</VOUCHERNUMBER>
        <NARRATION>Sales Invoice - Parikshit Sharma</NARRATION>
        <VOUCHERTYPENAME>Sales</VOUCHERTYPENAME>
        <PARTYLEDGERNAME>Sundry Debtors - Patients</PARTYLEDGERNAME>
        <LEDGERENTRIES.LIST>
          <LEDGERNAME>Sundry Debtors - Patients</LEDGERNAME>
          <ISDEEMEDPOSITIVE>Yes</ISDEEMEDPOSITIVE>
          <AMOUNT>-500</AMOUNT>
        </LEDGERENTRIES.LIST>
        <LEDGERENTRIES.LIST>
          <LEDGERNAME>Sales Account</LEDGERNAME>
          <ISDEEMEDPOSITIVE>No</ISDEEMEDPOSITIVE>
          <AMOUNT>500</AMOUNT>
        </LEDGERENTRIES.LIST>



      </VOUCHER>
    </TALLYMESSAGE>

    <TALLYMESSAGE xmlns:UDF="TallyUDF">
      <VOUCHER VCHTYPE="Sales" ACTION="Create">
        <DATE>20260523</DATE>
        <VOUCHERNUMBER>PINV-20260523-6579</VOUCHERNUMBER>
        <NARRATION>Sales Invoice - Walk-in Patient (OTC)</NARRATION>
        <VOUCHERTYPENAME>Sales</VOUCHERTYPENAME>
        <PARTYLEDGERNAME>Sundry Debtors - Patients</PARTYLEDGERNAME>
        <LEDGERENTRIES.LIST>
          <LEDGERNAME>Sundry Debtors - Patients</LEDGERNAME>
          <ISDEEMEDPOSITIVE>Yes</ISDEEMEDPOSITIVE>
          <AMOUNT>-157.52</AMOUNT>
        </LEDGERENTRIES.LIST>
        <LEDGERENTRIES.LIST>
          <LEDGERNAME>Sales Account</LEDGERNAME>
          <ISDEEMEDPOSITIVE>No</ISDEEMEDPOSITIVE>
          <AMOUNT>157.52</AMOUNT>
        </LEDGERENTRIES.LIST>



      </VOUCHER>
    </TALLYMESSAGE>

    <TALLYMESSAGE xmlns:UDF="TallyUDF">
      <VOUCHER VCHTYPE="Sales" ACTION="Create">
        <DATE>20260523</DATE>
        <VOUCHERNUMBER>PINV-20260523-5997</VOUCHERNUMBER>
        <NARRATION>Sales Invoice - Walk-in Patient (OTC)</NARRATION>
        <VOUCHERTYPENAME>Sales</VOUCHERTYPENAME>
        <PARTYLEDGERNAME>Sundry Debtors - Patients</PARTYLEDGERNAME>
        <LEDGERENTRIES.LIST>
          <LEDGERNAME>Sundry Debtors - Patients</LEDGERNAME>
          <ISDEEMEDPOSITIVE>Yes</ISDEEMEDPOSITIVE>
          <AMOUNT>-157.52</AMOUNT>
        </LEDGERENTRIES.LIST>
        <LEDGERENTRIES.LIST>
          <LEDGERNAME>Sales Account</LEDGERNAME>
          <ISDEEMEDPOSITIVE>No</ISDEEMEDPOSITIVE>
          <AMOUNT>157.52</AMOUNT>
        </LEDGERENTRIES.LIST>



      </VOUCHER>
    </TALLYMESSAGE>

    <TALLYMESSAGE xmlns:UDF="TallyUDF">
      <VOUCHER VCHTYPE="Sales" ACTION="Create">
        <DATE>20260521</DATE>
        <VOUCHERNUMBER>INV-20260521-6677</VOUCHERNUMBER>
        <NARRATION>Sales Invoice - akshay</NARRATION>
        <VOUCHERTYPENAME>Sales</VOUCHERTYPENAME>
        <PARTYLEDGERNAME>Sundry Debtors - Patients</PARTYLEDGERNAME>
        <LEDGERENTRIES.LIST>
          <LEDGERNAME>Sundry Debtors - Patients</LEDGERNAME>
          <ISDEEMEDPOSITIVE>Yes</ISDEEMEDPOSITIVE>
          <AMOUNT>-15000</AMOUNT>
        </LEDGERENTRIES.LIST>
        <LEDGERENTRIES.LIST>
          <LEDGERNAME>Sales Account</LEDGERNAME>
          <ISDEEMEDPOSITIVE>No</ISDEEMEDPOSITIVE>
          <AMOUNT>15000</AMOUNT>
        </LEDGERENTRIES.LIST>



      </VOUCHER>
    </TALLYMESSAGE>

    <TALLYMESSAGE xmlns:UDF="TallyUDF">
      <VOUCHER VCHTYPE="Sales" ACTION="Create">
        <DATE>20260520</DATE>
        <VOUCHERNUMBER>INV-30099226</VOUCHERNUMBER>
        <NARRATION>Sales Invoice - Mahika</NARRATION>
        <VOUCHERTYPENAME>Sales</VOUCHERTYPENAME>
        <PARTYLEDGERNAME>Sundry Debtors - Patients</PARTYLEDGERNAME>
        <LEDGERENTRIES.LIST>
          <LEDGERNAME>Sundry Debtors - Patients</LEDGERNAME>
          <ISDEEMEDPOSITIVE>Yes</ISDEEMEDPOSITIVE>
          <AMOUNT>-500</AMOUNT>
        </LEDGERENTRIES.LIST>
        <LEDGERENTRIES.LIST>
          <LEDGERNAME>Sales Account</LEDGERNAME>
          <ISDEEMEDPOSITIVE>No</ISDEEMEDPOSITIVE>
          <AMOUNT>500</AMOUNT>
        </LEDGERENTRIES.LIST>



      </VOUCHER>
    </TALLYMESSAGE>

    <TALLYMESSAGE xmlns:UDF="TallyUDF">
      <VOUCHER VCHTYPE="Sales" ACTION="Create">
        <DATE>20260520</DATE>
        <VOUCHERNUMBER>INV-30118154</VOUCHERNUMBER>
        <NARRATION>Sales Invoice - mahak jain</NARRATION>
        <VOUCHERTYPENAME>Sales</VOUCHERTYPENAME>
        <PARTYLEDGERNAME>Sundry Debtors - Patients</PARTYLEDGERNAME>
        <LEDGERENTRIES.LIST>
          <LEDGERNAME>Sundry Debtors - Patients</LEDGERNAME>
          <ISDEEMEDPOSITIVE>Yes</ISDEEMEDPOSITIVE>
          <AMOUNT>-700</AMOUNT>
        </LEDGERENTRIES.LIST>
        <LEDGERENTRIES.LIST>
          <LEDGERNAME>Sales Account</LEDGERNAME>
          <ISDEEMEDPOSITIVE>No</ISDEEMEDPOSITIVE>
          <AMOUNT>700</AMOUNT>
        </LEDGERENTRIES.LIST>



      </VOUCHER>
    </TALLYMESSAGE>

    <TALLYMESSAGE xmlns:UDF="TallyUDF">
      <VOUCHER VCHTYPE="Sales" ACTION="Create">
        <DATE>20260515</DATE>
        <VOUCHERNUMBER>IPD-EMRG-00040</VOUCHERNUMBER>
        <NARRATION>Sales Invoice - Mohan</NARRATION>
        <VOUCHERTYPENAME>Sales</VOUCHERTYPENAME>
        <PARTYLEDGERNAME>Sundry Debtors - Patients</PARTYLEDGERNAME>
        <LEDGERENTRIES.LIST>
          <LEDGERNAME>Sundry Debtors - Patients</LEDGERNAME>
          <ISDEEMEDPOSITIVE>Yes</ISDEEMEDPOSITIVE>
          <AMOUNT>-4900</AMOUNT>
        </LEDGERENTRIES.LIST>
        <LEDGERENTRIES.LIST>
          <LEDGERNAME>Sales Account</LEDGERNAME>
          <ISDEEMEDPOSITIVE>No</ISDEEMEDPOSITIVE>
          <AMOUNT>4900</AMOUNT>
        </LEDGERENTRIES.LIST>



      </VOUCHER>
    </TALLYMESSAGE>

    <TALLYMESSAGE xmlns:UDF="TallyUDF">
      <VOUCHER VCHTYPE="Sales" ACTION="Create">
        <DATE>20260520</DATE>
        <VOUCHERNUMBER>INV-34186489</VOUCHERNUMBER>
        <NARRATION>Sales Invoice - parikshit</NARRATION>
        <VOUCHERTYPENAME>Sales</VOUCHERTYPENAME>
        <PARTYLEDGERNAME>Sundry Debtors - Patients</PARTYLEDGERNAME>
        <LEDGERENTRIES.LIST>
          <LEDGERNAME>Sundry Debtors - Patients</LEDGERNAME>
          <ISDEEMEDPOSITIVE>Yes</ISDEEMEDPOSITIVE>
          <AMOUNT>-850</AMOUNT>
        </LEDGERENTRIES.LIST>
        <LEDGERENTRIES.LIST>
          <LEDGERNAME>Sales Account</LEDGERNAME>
          <ISDEEMEDPOSITIVE>No</ISDEEMEDPOSITIVE>
          <AMOUNT>850</AMOUNT>
        </LEDGERENTRIES.LIST>



      </VOUCHER>
    </TALLYMESSAGE>

    <TALLYMESSAGE xmlns:UDF="TallyUDF">
      <VOUCHER VCHTYPE="Sales" ACTION="Create">
        <DATE>20260521</DATE>
        <VOUCHERNUMBER>INV-20260521-4642</VOUCHERNUMBER>
        <NARRATION>Sales Invoice - mahak jain</NARRATION>
        <VOUCHERTYPENAME>Sales</VOUCHERTYPENAME>
        <PARTYLEDGERNAME>Sundry Debtors - Patients</PARTYLEDGERNAME>
        <LEDGERENTRIES.LIST>
          <LEDGERNAME>Sundry Debtors - Patients</LEDGERNAME>
          <ISDEEMEDPOSITIVE>Yes</ISDEEMEDPOSITIVE>
          <AMOUNT>-18780</AMOUNT>
        </LEDGERENTRIES.LIST>
        <LEDGERENTRIES.LIST>
          <LEDGERNAME>Sales Account</LEDGERNAME>
          <ISDEEMEDPOSITIVE>No</ISDEEMEDPOSITIVE>
          <AMOUNT>18718.4</AMOUNT>
        </LEDGERENTRIES.LIST>
        <LEDGERENTRIES.LIST>
          <LEDGERNAME>CGST Payable</LEDGERNAME>
          <ISDEEMEDPOSITIVE>No</ISDEEMEDPOSITIVE>
          <AMOUNT>30.8</AMOUNT>
        </LEDGERENTRIES.LIST>
        <LEDGERENTRIES.LIST>
          <LEDGERNAME>SGST Payable</LEDGERNAME>
          <ISDEEMEDPOSITIVE>No</ISDEEMEDPOSITIVE>
          <AMOUNT>30.8</AMOUNT>
        </LEDGERENTRIES.LIST>

      </VOUCHER>
    </TALLYMESSAGE>

    <TALLYMESSAGE xmlns:UDF="TallyUDF">
      <VOUCHER VCHTYPE="Sales" ACTION="Create">
        <DATE>20260523</DATE>
        <VOUCHERNUMBER>PINV-20260523-2629</VOUCHERNUMBER>
        <NARRATION>Sales Invoice - Walk-in Patient (OTC)</NARRATION>
        <VOUCHERTYPENAME>Sales</VOUCHERTYPENAME>
        <PARTYLEDGERNAME>Sundry Debtors - Patients</PARTYLEDGERNAME>
        <LEDGERENTRIES.LIST>
          <LEDGERNAME>Sundry Debtors - Patients</LEDGERNAME>
          <ISDEEMEDPOSITIVE>Yes</ISDEEMEDPOSITIVE>
          <AMOUNT>-130.48</AMOUNT>
        </LEDGERENTRIES.LIST>
        <LEDGERENTRIES.LIST>
          <LEDGERNAME>Sales Account</LEDGERNAME>
          <ISDEEMEDPOSITIVE>No</ISDEEMEDPOSITIVE>
          <AMOUNT>130.48</AMOUNT>
        </LEDGERENTRIES.LIST>



      </VOUCHER>
    </TALLYMESSAGE>

    <TALLYMESSAGE xmlns:UDF="TallyUDF">
      <VOUCHER VCHTYPE="Sales" ACTION="Create">
        <DATE>20260521</DATE>
        <VOUCHERNUMBER>INV-20260521-3578</VOUCHERNUMBER>
        <NARRATION>Sales Invoice - Mahika</NARRATION>
        <VOUCHERTYPENAME>Sales</VOUCHERTYPENAME>
        <PARTYLEDGERNAME>Sundry Debtors - Patients</PARTYLEDGERNAME>
        <LEDGERENTRIES.LIST>
          <LEDGERNAME>Sundry Debtors - Patients</LEDGERNAME>
          <ISDEEMEDPOSITIVE>Yes</ISDEEMEDPOSITIVE>
          <AMOUNT>-2800</AMOUNT>
        </LEDGERENTRIES.LIST>
        <LEDGERENTRIES.LIST>
          <LEDGERNAME>Sales Account</LEDGERNAME>
          <ISDEEMEDPOSITIVE>No</ISDEEMEDPOSITIVE>
          <AMOUNT>2800</AMOUNT>
        </LEDGERENTRIES.LIST>



      </VOUCHER>
    </TALLYMESSAGE>

    <TALLYMESSAGE xmlns:UDF="TallyUDF">
      <VOUCHER VCHTYPE="Sales" ACTION="Create">
        <DATE>20260522</DATE>
        <VOUCHERNUMBER>INV-35394113</VOUCHERNUMBER>
        <NARRATION>Sales Invoice - Dvbhgfdgh</NARRATION>
        <VOUCHERTYPENAME>Sales</VOUCHERTYPENAME>
        <PARTYLEDGERNAME>Sundry Debtors - Patients</PARTYLEDGERNAME>
        <LEDGERENTRIES.LIST>
          <LEDGERNAME>Sundry Debtors - Patients</LEDGERNAME>
          <ISDEEMEDPOSITIVE>Yes</ISDEEMEDPOSITIVE>
          <AMOUNT>-300</AMOUNT>
        </LEDGERENTRIES.LIST>
        <LEDGERENTRIES.LIST>
          <LEDGERNAME>Sales Account</LEDGERNAME>
          <ISDEEMEDPOSITIVE>No</ISDEEMEDPOSITIVE>
          <AMOUNT>300</AMOUNT>
        </LEDGERENTRIES.LIST>



      </VOUCHER>
    </TALLYMESSAGE>

    <TALLYMESSAGE xmlns:UDF="TallyUDF">
      <VOUCHER VCHTYPE="Sales" ACTION="Create">
        <DATE>20260522</DATE>
        <VOUCHERNUMBER>INV-37256385</VOUCHERNUMBER>
        <NARRATION>Sales Invoice - Mahika</NARRATION>
        <VOUCHERTYPENAME>Sales</VOUCHERTYPENAME>
        <PARTYLEDGERNAME>Sundry Debtors - Patients</PARTYLEDGERNAME>
        <LEDGERENTRIES.LIST>
          <LEDGERNAME>Sundry Debtors - Patients</LEDGERNAME>
          <ISDEEMEDPOSITIVE>Yes</ISDEEMEDPOSITIVE>
          <AMOUNT>-500</AMOUNT>
        </LEDGERENTRIES.LIST>
        <LEDGERENTRIES.LIST>
          <LEDGERNAME>Sales Account</LEDGERNAME>
          <ISDEEMEDPOSITIVE>No</ISDEEMEDPOSITIVE>
          <AMOUNT>500</AMOUNT>
        </LEDGERENTRIES.LIST>



      </VOUCHER>
    </TALLYMESSAGE>

    <TALLYMESSAGE xmlns:UDF="TallyUDF">
      <VOUCHER VCHTYPE="Sales" ACTION="Create">
        <DATE>20260522</DATE>
        <VOUCHERNUMBER>INV-37561168</VOUCHERNUMBER>
        <NARRATION>Sales Invoice - Mahika</NARRATION>
        <VOUCHERTYPENAME>Sales</VOUCHERTYPENAME>
        <PARTYLEDGERNAME>Sundry Debtors - Patients</PARTYLEDGERNAME>
        <LEDGERENTRIES.LIST>
          <LEDGERNAME>Sundry Debtors - Patients</LEDGERNAME>
          <ISDEEMEDPOSITIVE>Yes</ISDEEMEDPOSITIVE>
          <AMOUNT>-350</AMOUNT>
        </LEDGERENTRIES.LIST>
        <LEDGERENTRIES.LIST>
          <LEDGERNAME>Sales Account</LEDGERNAME>
          <ISDEEMEDPOSITIVE>No</ISDEEMEDPOSITIVE>
          <AMOUNT>350</AMOUNT>
        </LEDGERENTRIES.LIST>



      </VOUCHER>
    </TALLYMESSAGE>

    <TALLYMESSAGE xmlns:UDF="TallyUDF">
      <VOUCHER VCHTYPE="Sales" ACTION="Create">
        <DATE>20260523</DATE>
        <VOUCHERNUMBER>PINV-20260523-2828</VOUCHERNUMBER>
        <NARRATION>Sales Invoice - Walk-in Patient (OTC)</NARRATION>
        <VOUCHERTYPENAME>Sales</VOUCHERTYPENAME>
        <PARTYLEDGERNAME>Sundry Debtors - Patients</PARTYLEDGERNAME>
        <LEDGERENTRIES.LIST>
          <LEDGERNAME>Sundry Debtors - Patients</LEDGERNAME>
          <ISDEEMEDPOSITIVE>Yes</ISDEEMEDPOSITIVE>
          <AMOUNT>-135</AMOUNT>
        </LEDGERENTRIES.LIST>
        <LEDGERENTRIES.LIST>
          <LEDGERNAME>Sales Account</LEDGERNAME>
          <ISDEEMEDPOSITIVE>No</ISDEEMEDPOSITIVE>
          <AMOUNT>135</AMOUNT>
        </LEDGERENTRIES.LIST>



      </VOUCHER>
    </TALLYMESSAGE>

    <TALLYMESSAGE xmlns:UDF="TallyUDF">
      <VOUCHER VCHTYPE="Sales" ACTION="Create">
        <DATE>20260521</DATE>
        <VOUCHERNUMBER>INV-20260521-2196</VOUCHERNUMBER>
        <NARRATION>Sales Invoice - akshay</NARRATION>
        <VOUCHERTYPENAME>Sales</VOUCHERTYPENAME>
        <PARTYLEDGERNAME>Sundry Debtors - Patients</PARTYLEDGERNAME>
        <LEDGERENTRIES.LIST>
          <LEDGERNAME>Sundry Debtors - Patients</LEDGERNAME>
          <ISDEEMEDPOSITIVE>Yes</ISDEEMEDPOSITIVE>
          <AMOUNT>-120500</AMOUNT>
        </LEDGERENTRIES.LIST>
        <LEDGERENTRIES.LIST>
          <LEDGERNAME>Sales Account</LEDGERNAME>
          <ISDEEMEDPOSITIVE>No</ISDEEMEDPOSITIVE>
          <AMOUNT>120000</AMOUNT>
        </LEDGERENTRIES.LIST>
        <LEDGERENTRIES.LIST>
          <LEDGERNAME>CGST Payable</LEDGERNAME>
          <ISDEEMEDPOSITIVE>No</ISDEEMEDPOSITIVE>
          <AMOUNT>250</AMOUNT>
        </LEDGERENTRIES.LIST>
        <LEDGERENTRIES.LIST>
          <LEDGERNAME>SGST Payable</LEDGERNAME>
          <ISDEEMEDPOSITIVE>No</ISDEEMEDPOSITIVE>
          <AMOUNT>250</AMOUNT>
        </LEDGERENTRIES.LIST>

      </VOUCHER>
    </TALLYMESSAGE>

    <TALLYMESSAGE xmlns:UDF="TallyUDF">
      <VOUCHER VCHTYPE="Sales" ACTION="Create">
        <DATE>20260515</DATE>
        <VOUCHERNUMBER>INV-20260515-7694</VOUCHERNUMBER>
        <NARRATION>Sales Invoice - Chinmay Singhal</NARRATION>
        <VOUCHERTYPENAME>Sales</VOUCHERTYPENAME>
        <PARTYLEDGERNAME>Sundry Debtors - Patients</PARTYLEDGERNAME>
        <LEDGERENTRIES.LIST>
          <LEDGERNAME>Sundry Debtors - Patients</LEDGERNAME>
          <ISDEEMEDPOSITIVE>Yes</ISDEEMEDPOSITIVE>
          <AMOUNT>-104000</AMOUNT>
        </LEDGERENTRIES.LIST>
        <LEDGERENTRIES.LIST>
          <LEDGERNAME>Sales Account</LEDGERNAME>
          <ISDEEMEDPOSITIVE>No</ISDEEMEDPOSITIVE>
          <AMOUNT>104000</AMOUNT>
        </LEDGERENTRIES.LIST>



      </VOUCHER>
    </TALLYMESSAGE>

    <TALLYMESSAGE xmlns:UDF="TallyUDF">
      <VOUCHER VCHTYPE="Sales" ACTION="Create">
        <DATE>20260523</DATE>
        <VOUCHERNUMBER>IPD-AXTEN-1779527008758</VOUCHERNUMBER>
        <NARRATION>Sales Invoice - Test Patient (Auto)</NARRATION>
        <VOUCHERTYPENAME>Sales</VOUCHERTYPENAME>
        <PARTYLEDGERNAME>Sundry Debtors - Patients</PARTYLEDGERNAME>
        <LEDGERENTRIES.LIST>
          <LEDGERNAME>Sundry Debtors - Patients</LEDGERNAME>
          <ISDEEMEDPOSITIVE>Yes</ISDEEMEDPOSITIVE>
          <AMOUNT>-208500</AMOUNT>
        </LEDGERENTRIES.LIST>
        <LEDGERENTRIES.LIST>
          <LEDGERNAME>Sales Account</LEDGERNAME>
          <ISDEEMEDPOSITIVE>No</ISDEEMEDPOSITIVE>
          <AMOUNT>208500</AMOUNT>
        </LEDGERENTRIES.LIST>



      </VOUCHER>
    </TALLYMESSAGE>

    <TALLYMESSAGE xmlns:UDF="TallyUDF">
      <VOUCHER VCHTYPE="Sales" ACTION="Create">
        <DATE>20260523</DATE>
        <VOUCHERNUMBER>PINV-20260523-3077</VOUCHERNUMBER>
        <NARRATION>Sales Invoice - Walk-in Patient (OTC)</NARRATION>
        <VOUCHERTYPENAME>Sales</VOUCHERTYPENAME>
        <PARTYLEDGERNAME>Sundry Debtors - Patients</PARTYLEDGERNAME>
        <LEDGERENTRIES.LIST>
          <LEDGERNAME>Sundry Debtors - Patients</LEDGERNAME>
          <ISDEEMEDPOSITIVE>Yes</ISDEEMEDPOSITIVE>
          <AMOUNT>-199.08</AMOUNT>
        </LEDGERENTRIES.LIST>
        <LEDGERENTRIES.LIST>
          <LEDGERNAME>Sales Account</LEDGERNAME>
          <ISDEEMEDPOSITIVE>No</ISDEEMEDPOSITIVE>
          <AMOUNT>199.08</AMOUNT>
        </LEDGERENTRIES.LIST>



      </VOUCHER>
    </TALLYMESSAGE>

    <TALLYMESSAGE xmlns:UDF="TallyUDF">
      <VOUCHER VCHTYPE="Sales" ACTION="Create">
        <DATE>20260523</DATE>
        <VOUCHERNUMBER>PINV-20260523-4940</VOUCHERNUMBER>
        <NARRATION>Sales Invoice - Walk-in Patient (OTC)</NARRATION>
        <VOUCHERTYPENAME>Sales</VOUCHERTYPENAME>
        <PARTYLEDGERNAME>Sundry Debtors - Patients</PARTYLEDGERNAME>
        <LEDGERENTRIES.LIST>
          <LEDGERNAME>Sundry Debtors - Patients</LEDGERNAME>
          <ISDEEMEDPOSITIVE>Yes</ISDEEMEDPOSITIVE>
          <AMOUNT>-7.76</AMOUNT>
        </LEDGERENTRIES.LIST>
        <LEDGERENTRIES.LIST>
          <LEDGERNAME>Sales Account</LEDGERNAME>
          <ISDEEMEDPOSITIVE>No</ISDEEMEDPOSITIVE>
          <AMOUNT>7.76</AMOUNT>
        </LEDGERENTRIES.LIST>



      </VOUCHER>
    </TALLYMESSAGE>

    <TALLYMESSAGE xmlns:UDF="TallyUDF">
      <VOUCHER VCHTYPE="Sales" ACTION="Create">
        <DATE>20260523</DATE>
        <VOUCHERNUMBER>INV-51338435</VOUCHERNUMBER>
        <NARRATION>Sales Invoice - Parikshit Sharma</NARRATION>
        <VOUCHERTYPENAME>Sales</VOUCHERTYPENAME>
        <PARTYLEDGERNAME>Sundry Debtors - Patients</PARTYLEDGERNAME>
        <LEDGERENTRIES.LIST>
          <LEDGERNAME>Sundry Debtors - Patients</LEDGERNAME>
          <ISDEEMEDPOSITIVE>Yes</ISDEEMEDPOSITIVE>
          <AMOUNT>-500</AMOUNT>
        </LEDGERENTRIES.LIST>
        <LEDGERENTRIES.LIST>
          <LEDGERNAME>Sales Account</LEDGERNAME>
          <ISDEEMEDPOSITIVE>No</ISDEEMEDPOSITIVE>
          <AMOUNT>500</AMOUNT>
        </LEDGERENTRIES.LIST>



      </VOUCHER>
    </TALLYMESSAGE>

    <TALLYMESSAGE xmlns:UDF="TallyUDF">
      <VOUCHER VCHTYPE="Sales" ACTION="Create">
        <DATE>20260523</DATE>
        <VOUCHERNUMBER>INV-51847208</VOUCHERNUMBER>
        <NARRATION>Sales Invoice - mahak jain</NARRATION>
        <VOUCHERTYPENAME>Sales</VOUCHERTYPENAME>
        <PARTYLEDGERNAME>Sundry Debtors - Patients</PARTYLEDGERNAME>
        <LEDGERENTRIES.LIST>
          <LEDGERNAME>Sundry Debtors - Patients</LEDGERNAME>
          <ISDEEMEDPOSITIVE>Yes</ISDEEMEDPOSITIVE>
          <AMOUNT>-250</AMOUNT>
        </LEDGERENTRIES.LIST>
        <LEDGERENTRIES.LIST>
          <LEDGERNAME>Sales Account</LEDGERNAME>
          <ISDEEMEDPOSITIVE>No</ISDEEMEDPOSITIVE>
          <AMOUNT>250</AMOUNT>
        </LEDGERENTRIES.LIST>



      </VOUCHER>
    </TALLYMESSAGE>

    <TALLYMESSAGE xmlns:UDF="TallyUDF">
      <VOUCHER VCHTYPE="Sales" ACTION="Create">
        <DATE>20260523</DATE>
        <VOUCHERNUMBER>PINV-20260523-5076</VOUCHERNUMBER>
        <NARRATION>Sales Invoice - Walk-in Patient (OTC)</NARRATION>
        <VOUCHERTYPENAME>Sales</VOUCHERTYPENAME>
        <PARTYLEDGERNAME>Sundry Debtors - Patients</PARTYLEDGERNAME>
        <LEDGERENTRIES.LIST>
          <LEDGERNAME>Sundry Debtors - Patients</LEDGERNAME>
          <ISDEEMEDPOSITIVE>Yes</ISDEEMEDPOSITIVE>
          <AMOUNT>-1.18</AMOUNT>
        </LEDGERENTRIES.LIST>
        <LEDGERENTRIES.LIST>
          <LEDGERNAME>Sales Account</LEDGERNAME>
          <ISDEEMEDPOSITIVE>No</ISDEEMEDPOSITIVE>
          <AMOUNT>1.18</AMOUNT>
        </LEDGERENTRIES.LIST>



      </VOUCHER>
    </TALLYMESSAGE>

    <TALLYMESSAGE xmlns:UDF="TallyUDF">
      <VOUCHER VCHTYPE="Sales" ACTION="Create">
        <DATE>20260525</DATE>
        <VOUCHERNUMBER>INV-87298060</VOUCHERNUMBER>
        <NARRATION>Sales Invoice - Mahika</NARRATION>
        <VOUCHERTYPENAME>Sales</VOUCHERTYPENAME>
        <PARTYLEDGERNAME>Sundry Debtors - Patients</PARTYLEDGERNAME>
        <LEDGERENTRIES.LIST>
          <LEDGERNAME>Sundry Debtors - Patients</LEDGERNAME>
          <ISDEEMEDPOSITIVE>Yes</ISDEEMEDPOSITIVE>
          <AMOUNT>-700</AMOUNT>
        </LEDGERENTRIES.LIST>
        <LEDGERENTRIES.LIST>
          <LEDGERNAME>Sales Account</LEDGERNAME>
          <ISDEEMEDPOSITIVE>No</ISDEEMEDPOSITIVE>
          <AMOUNT>700</AMOUNT>
        </LEDGERENTRIES.LIST>



      </VOUCHER>
    </TALLYMESSAGE>

    <TALLYMESSAGE xmlns:UDF="TallyUDF">
      <VOUCHER VCHTYPE="Sales" ACTION="Create">
        <DATE>20260525</DATE>
        <VOUCHERNUMBER>PINV-20260525-8961</VOUCHERNUMBER>
        <NARRATION>Sales Invoice - Walk-in Patient (OTC)</NARRATION>
        <VOUCHERTYPENAME>Sales</VOUCHERTYPENAME>
        <PARTYLEDGERNAME>Sundry Debtors - Patients</PARTYLEDGERNAME>
        <LEDGERENTRIES.LIST>
          <LEDGERNAME>Sundry Debtors - Patients</LEDGERNAME>
          <ISDEEMEDPOSITIVE>Yes</ISDEEMEDPOSITIVE>
          <AMOUNT>-33</AMOUNT>
        </LEDGERENTRIES.LIST>
        <LEDGERENTRIES.LIST>
          <LEDGERNAME>Sales Account</LEDGERNAME>
          <ISDEEMEDPOSITIVE>No</ISDEEMEDPOSITIVE>
          <AMOUNT>33</AMOUNT>
        </LEDGERENTRIES.LIST>



      </VOUCHER>
    </TALLYMESSAGE>

    <TALLYMESSAGE xmlns:UDF="TallyUDF">
      <VOUCHER VCHTYPE="Sales" ACTION="Create">
        <DATE>20260520</DATE>
        <VOUCHERNUMBER>INV-20260519-2516</VOUCHERNUMBER>
        <NARRATION>Sales Invoice - parikshit </NARRATION>
        <VOUCHERTYPENAME>Sales</VOUCHERTYPENAME>
        <PARTYLEDGERNAME>Sundry Debtors - Patients</PARTYLEDGERNAME>
        <LEDGERENTRIES.LIST>
          <LEDGERNAME>Sundry Debtors - Patients</LEDGERNAME>
          <ISDEEMEDPOSITIVE>Yes</ISDEEMEDPOSITIVE>
          <AMOUNT>-350</AMOUNT>
        </LEDGERENTRIES.LIST>
        <LEDGERENTRIES.LIST>
          <LEDGERNAME>Sales Account</LEDGERNAME>
          <ISDEEMEDPOSITIVE>No</ISDEEMEDPOSITIVE>
          <AMOUNT>308</AMOUNT>
        </LEDGERENTRIES.LIST>
        <LEDGERENTRIES.LIST>
          <LEDGERNAME>CGST Payable</LEDGERNAME>
          <ISDEEMEDPOSITIVE>No</ISDEEMEDPOSITIVE>
          <AMOUNT>21</AMOUNT>
        </LEDGERENTRIES.LIST>
        <LEDGERENTRIES.LIST>
          <LEDGERNAME>SGST Payable</LEDGERNAME>
          <ISDEEMEDPOSITIVE>No</ISDEEMEDPOSITIVE>
          <AMOUNT>21</AMOUNT>
        </LEDGERENTRIES.LIST>

      </VOUCHER>
    </TALLYMESSAGE>

    <TALLYMESSAGE xmlns:UDF="TallyUDF">
      <VOUCHER VCHTYPE="Sales" ACTION="Create">
        <DATE>20260525</DATE>
        <VOUCHERNUMBER>IPD-AXTEN-1779687533765</VOUCHERNUMBER>
        <NARRATION>Sales Invoice - Chinmay</NARRATION>
        <VOUCHERTYPENAME>Sales</VOUCHERTYPENAME>
        <PARTYLEDGERNAME>Sundry Debtors - Patients</PARTYLEDGERNAME>
        <LEDGERENTRIES.LIST>
          <LEDGERNAME>Sundry Debtors - Patients</LEDGERNAME>
          <ISDEEMEDPOSITIVE>Yes</ISDEEMEDPOSITIVE>
          <AMOUNT>-219000</AMOUNT>
        </LEDGERENTRIES.LIST>
        <LEDGERENTRIES.LIST>
          <LEDGERNAME>Sales Account</LEDGERNAME>
          <ISDEEMEDPOSITIVE>No</ISDEEMEDPOSITIVE>
          <AMOUNT>219000</AMOUNT>
        </LEDGERENTRIES.LIST>



      </VOUCHER>
    </TALLYMESSAGE>

    <TALLYMESSAGE xmlns:UDF="TallyUDF">
      <VOUCHER VCHTYPE="Sales" ACTION="Create">
        <DATE>20260525</DATE>
        <VOUCHERNUMBER>INV-PAV-547571</VOUCHERNUMBER>
        <NARRATION>Sales Invoice - parikshit </NARRATION>
        <VOUCHERTYPENAME>Sales</VOUCHERTYPENAME>
        <PARTYLEDGERNAME>Sundry Debtors - Patients</PARTYLEDGERNAME>
        <LEDGERENTRIES.LIST>
          <LEDGERNAME>Sundry Debtors - Patients</LEDGERNAME>
          <ISDEEMEDPOSITIVE>Yes</ISDEEMEDPOSITIVE>
          <AMOUNT>-1000</AMOUNT>
        </LEDGERENTRIES.LIST>
        <LEDGERENTRIES.LIST>
          <LEDGERNAME>Sales Account</LEDGERNAME>
          <ISDEEMEDPOSITIVE>No</ISDEEMEDPOSITIVE>
          <AMOUNT>1000</AMOUNT>
        </LEDGERENTRIES.LIST>



      </VOUCHER>
    </TALLYMESSAGE>

    <TALLYMESSAGE xmlns:UDF="TallyUDF">
      <VOUCHER VCHTYPE="Sales" ACTION="Create">
        <DATE>20260526</DATE>
        <VOUCHERNUMBER>INV-20260526-2015</VOUCHERNUMBER>
        <NARRATION>Sales Invoice - Chinmay Singhal</NARRATION>
        <VOUCHERTYPENAME>Sales</VOUCHERTYPENAME>
        <PARTYLEDGERNAME>Sundry Debtors - Patients</PARTYLEDGERNAME>
        <LEDGERENTRIES.LIST>
          <LEDGERNAME>Sundry Debtors - Patients</LEDGERNAME>
          <ISDEEMEDPOSITIVE>Yes</ISDEEMEDPOSITIVE>
          <AMOUNT>-1400</AMOUNT>
        </LEDGERENTRIES.LIST>
        <LEDGERENTRIES.LIST>
          <LEDGERNAME>Sales Account</LEDGERNAME>
          <ISDEEMEDPOSITIVE>No</ISDEEMEDPOSITIVE>
          <AMOUNT>1400</AMOUNT>
        </LEDGERENTRIES.LIST>



      </VOUCHER>
    </TALLYMESSAGE>

    <TALLYMESSAGE xmlns:UDF="TallyUDF">
      <VOUCHER VCHTYPE="Sales" ACTION="Create">
        <DATE>20260526</DATE>
        <VOUCHERNUMBER>INV-20260526-2255</VOUCHERNUMBER>
        <NARRATION>Sales Invoice - Shristi</NARRATION>
        <VOUCHERTYPENAME>Sales</VOUCHERTYPENAME>
        <PARTYLEDGERNAME>Sundry Debtors - Patients</PARTYLEDGERNAME>
        <LEDGERENTRIES.LIST>
          <LEDGERNAME>Sundry Debtors - Patients</LEDGERNAME>
          <ISDEEMEDPOSITIVE>Yes</ISDEEMEDPOSITIVE>
          <AMOUNT>-206500</AMOUNT>
        </LEDGERENTRIES.LIST>
        <LEDGERENTRIES.LIST>
          <LEDGERNAME>Sales Account</LEDGERNAME>
          <ISDEEMEDPOSITIVE>No</ISDEEMEDPOSITIVE>
          <AMOUNT>206500</AMOUNT>
        </LEDGERENTRIES.LIST>



      </VOUCHER>
    </TALLYMESSAGE>

    <TALLYMESSAGE xmlns:UDF="TallyUDF">
      <VOUCHER VCHTYPE="Sales" ACTION="Create">
        <DATE>20260526</DATE>
        <VOUCHERNUMBER>INV-20260526-7621</VOUCHERNUMBER>
        <NARRATION>Sales Invoice - Umesh Khatri</NARRATION>
        <VOUCHERTYPENAME>Sales</VOUCHERTYPENAME>
        <PARTYLEDGERNAME>Sundry Debtors - Patients</PARTYLEDGERNAME>
        <LEDGERENTRIES.LIST>
          <LEDGERNAME>Sundry Debtors - Patients</LEDGERNAME>
          <ISDEEMEDPOSITIVE>Yes</ISDEEMEDPOSITIVE>
          <AMOUNT>-500</AMOUNT>
        </LEDGERENTRIES.LIST>
        <LEDGERENTRIES.LIST>
          <LEDGERNAME>Sales Account</LEDGERNAME>
          <ISDEEMEDPOSITIVE>No</ISDEEMEDPOSITIVE>
          <AMOUNT>500</AMOUNT>
        </LEDGERENTRIES.LIST>



      </VOUCHER>
    </TALLYMESSAGE>

    <TALLYMESSAGE xmlns:UDF="TallyUDF">
      <VOUCHER VCHTYPE="Sales" ACTION="Create">
        <DATE>20260527</DATE>
        <VOUCHERNUMBER>INV-20260526-7339</VOUCHERNUMBER>
        <NARRATION>Sales Invoice - parikshit </NARRATION>
        <VOUCHERTYPENAME>Sales</VOUCHERTYPENAME>
        <PARTYLEDGERNAME>Sundry Debtors - Patients</PARTYLEDGERNAME>
        <LEDGERENTRIES.LIST>
          <LEDGERNAME>Sundry Debtors - Patients</LEDGERNAME>
          <ISDEEMEDPOSITIVE>Yes</ISDEEMEDPOSITIVE>
          <AMOUNT>-7000</AMOUNT>
        </LEDGERENTRIES.LIST>
        <LEDGERENTRIES.LIST>
          <LEDGERNAME>Sales Account</LEDGERNAME>
          <ISDEEMEDPOSITIVE>No</ISDEEMEDPOSITIVE>
          <AMOUNT>7000</AMOUNT>
        </LEDGERENTRIES.LIST>



      </VOUCHER>
    </TALLYMESSAGE>

    <TALLYMESSAGE xmlns:UDF="TallyUDF">
      <VOUCHER VCHTYPE="Sales" ACTION="Create">
        <DATE>20260526</DATE>
        <VOUCHERNUMBER>INV-97783017</VOUCHERNUMBER>
        <NARRATION>Sales Invoice - Chinmay</NARRATION>
        <VOUCHERTYPENAME>Sales</VOUCHERTYPENAME>
        <PARTYLEDGERNAME>Sundry Debtors - Patients</PARTYLEDGERNAME>
        <LEDGERENTRIES.LIST>
          <LEDGERNAME>Sundry Debtors - Patients</LEDGERNAME>
          <ISDEEMEDPOSITIVE>Yes</ISDEEMEDPOSITIVE>
          <AMOUNT>-350</AMOUNT>
        </LEDGERENTRIES.LIST>
        <LEDGERENTRIES.LIST>
          <LEDGERNAME>Sales Account</LEDGERNAME>
          <ISDEEMEDPOSITIVE>No</ISDEEMEDPOSITIVE>
          <AMOUNT>350</AMOUNT>
        </LEDGERENTRIES.LIST>



      </VOUCHER>
    </TALLYMESSAGE>

    <TALLYMESSAGE xmlns:UDF="TallyUDF">
      <VOUCHER VCHTYPE="Sales" ACTION="Create">
        <DATE>20260527</DATE>
        <VOUCHERNUMBER>INV-20260526-1307</VOUCHERNUMBER>
        <NARRATION>Sales Invoice - Samar</NARRATION>
        <VOUCHERTYPENAME>Sales</VOUCHERTYPENAME>
        <PARTYLEDGERNAME>Sundry Debtors - Patients</PARTYLEDGERNAME>
        <LEDGERENTRIES.LIST>
          <LEDGERNAME>Sundry Debtors - Patients</LEDGERNAME>
          <ISDEEMEDPOSITIVE>Yes</ISDEEMEDPOSITIVE>
          <AMOUNT>-10000</AMOUNT>
        </LEDGERENTRIES.LIST>
        <LEDGERENTRIES.LIST>
          <LEDGERNAME>Sales Account</LEDGERNAME>
          <ISDEEMEDPOSITIVE>No</ISDEEMEDPOSITIVE>
          <AMOUNT>10000</AMOUNT>
        </LEDGERENTRIES.LIST>



      </VOUCHER>
    </TALLYMESSAGE>

    <TALLYMESSAGE xmlns:UDF="TallyUDF">
      <VOUCHER VCHTYPE="Sales" ACTION="Create">
        <DATE>20260525</DATE>
        <VOUCHERNUMBER>INV-20260525-3743</VOUCHERNUMBER>
        <NARRATION>Sales Invoice - parikshit</NARRATION>
        <VOUCHERTYPENAME>Sales</VOUCHERTYPENAME>
        <PARTYLEDGERNAME>Sundry Debtors - Patients</PARTYLEDGERNAME>
        <LEDGERENTRIES.LIST>
          <LEDGERNAME>Sundry Debtors - Patients</LEDGERNAME>
          <ISDEEMEDPOSITIVE>Yes</ISDEEMEDPOSITIVE>
          <AMOUNT>-62300</AMOUNT>
        </LEDGERENTRIES.LIST>
        <LEDGERENTRIES.LIST>
          <LEDGERNAME>Sales Account</LEDGERNAME>
          <ISDEEMEDPOSITIVE>No</ISDEEMEDPOSITIVE>
          <AMOUNT>62300</AMOUNT>
        </LEDGERENTRIES.LIST>



      </VOUCHER>
    </TALLYMESSAGE>

    <TALLYMESSAGE xmlns:UDF="TallyUDF">
      <VOUCHER VCHTYPE="Sales" ACTION="Create">
        <DATE>20260526</DATE>
        <VOUCHERNUMBER>INV-20260526-2388</VOUCHERNUMBER>
        <NARRATION>Sales Invoice - Shristi</NARRATION>
        <VOUCHERTYPENAME>Sales</VOUCHERTYPENAME>
        <PARTYLEDGERNAME>Sundry Debtors - Patients</PARTYLEDGERNAME>
        <LEDGERENTRIES.LIST>
          <LEDGERNAME>Sundry Debtors - Patients</LEDGERNAME>
          <ISDEEMEDPOSITIVE>Yes</ISDEEMEDPOSITIVE>
          <AMOUNT>-206500</AMOUNT>
        </LEDGERENTRIES.LIST>
        <LEDGERENTRIES.LIST>
          <LEDGERNAME>Sales Account</LEDGERNAME>
          <ISDEEMEDPOSITIVE>No</ISDEEMEDPOSITIVE>
          <AMOUNT>206500</AMOUNT>
        </LEDGERENTRIES.LIST>



      </VOUCHER>
    </TALLYMESSAGE>

    <TALLYMESSAGE xmlns:UDF="TallyUDF">
      <VOUCHER VCHTYPE="Sales" ACTION="Create">
        <DATE>20260526</DATE>
        <VOUCHERNUMBER>INV-20260526-4102</VOUCHERNUMBER>
        <NARRATION>Sales Invoice - Chinmay Singhal</NARRATION>
        <VOUCHERTYPENAME>Sales</VOUCHERTYPENAME>
        <PARTYLEDGERNAME>Sundry Debtors - Patients</PARTYLEDGERNAME>
        <LEDGERENTRIES.LIST>
          <LEDGERNAME>Sundry Debtors - Patients</LEDGERNAME>
          <ISDEEMEDPOSITIVE>Yes</ISDEEMEDPOSITIVE>
          <AMOUNT>-280000</AMOUNT>
        </LEDGERENTRIES.LIST>
        <LEDGERENTRIES.LIST>
          <LEDGERNAME>Sales Account</LEDGERNAME>
          <ISDEEMEDPOSITIVE>No</ISDEEMEDPOSITIVE>
          <AMOUNT>229600</AMOUNT>
        </LEDGERENTRIES.LIST>
        <LEDGERENTRIES.LIST>
          <LEDGERNAME>CGST Payable</LEDGERNAME>
          <ISDEEMEDPOSITIVE>No</ISDEEMEDPOSITIVE>
          <AMOUNT>25200</AMOUNT>
        </LEDGERENTRIES.LIST>
        <LEDGERENTRIES.LIST>
          <LEDGERNAME>SGST Payable</LEDGERNAME>
          <ISDEEMEDPOSITIVE>No</ISDEEMEDPOSITIVE>
          <AMOUNT>25200</AMOUNT>
        </LEDGERENTRIES.LIST>

      </VOUCHER>
    </TALLYMESSAGE>

    <TALLYMESSAGE xmlns:UDF="TallyUDF">
      <VOUCHER VCHTYPE="Sales" ACTION="Create">
        <DATE>20260526</DATE>
        <VOUCHERNUMBER>INV-20260526-1556</VOUCHERNUMBER>
        <NARRATION>Sales Invoice - Prince</NARRATION>
        <VOUCHERTYPENAME>Sales</VOUCHERTYPENAME>
        <PARTYLEDGERNAME>Sundry Debtors - Patients</PARTYLEDGERNAME>
        <LEDGERENTRIES.LIST>
          <LEDGERNAME>Sundry Debtors - Patients</LEDGERNAME>
          <ISDEEMEDPOSITIVE>Yes</ISDEEMEDPOSITIVE>
          <AMOUNT>-6500</AMOUNT>
        </LEDGERENTRIES.LIST>
        <LEDGERENTRIES.LIST>
          <LEDGERNAME>Sales Account</LEDGERNAME>
          <ISDEEMEDPOSITIVE>No</ISDEEMEDPOSITIVE>
          <AMOUNT>6500</AMOUNT>
        </LEDGERENTRIES.LIST>



      </VOUCHER>
    </TALLYMESSAGE>

    <TALLYMESSAGE xmlns:UDF="TallyUDF">
      <VOUCHER VCHTYPE="Sales" ACTION="Create">
        <DATE>20260526</DATE>
        <VOUCHERNUMBER>INV-20260526-4905</VOUCHERNUMBER>
        <NARRATION>Sales Invoice - Shristi</NARRATION>
        <VOUCHERTYPENAME>Sales</VOUCHERTYPENAME>
        <PARTYLEDGERNAME>Sundry Debtors - Patients</PARTYLEDGERNAME>
        <LEDGERENTRIES.LIST>
          <LEDGERNAME>Sundry Debtors - Patients</LEDGERNAME>
          <ISDEEMEDPOSITIVE>Yes</ISDEEMEDPOSITIVE>
          <AMOUNT>-206500</AMOUNT>
        </LEDGERENTRIES.LIST>
        <LEDGERENTRIES.LIST>
          <LEDGERNAME>Sales Account</LEDGERNAME>
          <ISDEEMEDPOSITIVE>No</ISDEEMEDPOSITIVE>
          <AMOUNT>206500</AMOUNT>
        </LEDGERENTRIES.LIST>



      </VOUCHER>
    </TALLYMESSAGE>

    <TALLYMESSAGE xmlns:UDF="TallyUDF">
      <VOUCHER VCHTYPE="Sales" ACTION="Create">
        <DATE>20260526</DATE>
        <VOUCHERNUMBER>INV-20260526-8205</VOUCHERNUMBER>
        <NARRATION>Sales Invoice - Priya Mehta</NARRATION>
        <VOUCHERTYPENAME>Sales</VOUCHERTYPENAME>
        <PARTYLEDGERNAME>Sundry Debtors - Patients</PARTYLEDGERNAME>
        <LEDGERENTRIES.LIST>
          <LEDGERNAME>Sundry Debtors - Patients</LEDGERNAME>
          <ISDEEMEDPOSITIVE>Yes</ISDEEMEDPOSITIVE>
          <AMOUNT>-9500</AMOUNT>
        </LEDGERENTRIES.LIST>
        <LEDGERENTRIES.LIST>
          <LEDGERNAME>Sales Account</LEDGERNAME>
          <ISDEEMEDPOSITIVE>No</ISDEEMEDPOSITIVE>
          <AMOUNT>9500</AMOUNT>
        </LEDGERENTRIES.LIST>



      </VOUCHER>
    </TALLYMESSAGE>

    <TALLYMESSAGE xmlns:UDF="TallyUDF">
      <VOUCHER VCHTYPE="Sales" ACTION="Create">
        <DATE>20260526</DATE>
        <VOUCHERNUMBER>INV-20260526-5491</VOUCHERNUMBER>
        <NARRATION>Sales Invoice - Chinmay</NARRATION>
        <VOUCHERTYPENAME>Sales</VOUCHERTYPENAME>
        <PARTYLEDGERNAME>Sundry Debtors - Patients</PARTYLEDGERNAME>
        <LEDGERENTRIES.LIST>
          <LEDGERNAME>Sundry Debtors - Patients</LEDGERNAME>
          <ISDEEMEDPOSITIVE>Yes</ISDEEMEDPOSITIVE>
          <AMOUNT>-216.44</AMOUNT>
        </LEDGERENTRIES.LIST>
        <LEDGERENTRIES.LIST>
          <LEDGERNAME>Sales Account</LEDGERNAME>
          <ISDEEMEDPOSITIVE>No</ISDEEMEDPOSITIVE>
          <AMOUNT>216.44</AMOUNT>
        </LEDGERENTRIES.LIST>



      </VOUCHER>
    </TALLYMESSAGE>

    <TALLYMESSAGE xmlns:UDF="TallyUDF">
      <VOUCHER VCHTYPE="Sales" ACTION="Create">
        <DATE>20260527</DATE>
        <VOUCHERNUMBER>INV-20260526-0183</VOUCHERNUMBER>
        <NARRATION>Sales Invoice - parikshit</NARRATION>
        <VOUCHERTYPENAME>Sales</VOUCHERTYPENAME>
        <PARTYLEDGERNAME>Sundry Debtors - Patients</PARTYLEDGERNAME>
        <LEDGERENTRIES.LIST>
          <LEDGERNAME>Sundry Debtors - Patients</LEDGERNAME>
          <ISDEEMEDPOSITIVE>Yes</ISDEEMEDPOSITIVE>
          <AMOUNT>-1400</AMOUNT>
        </LEDGERENTRIES.LIST>
        <LEDGERENTRIES.LIST>
          <LEDGERNAME>Sales Account</LEDGERNAME>
          <ISDEEMEDPOSITIVE>No</ISDEEMEDPOSITIVE>
          <AMOUNT>1400</AMOUNT>
        </LEDGERENTRIES.LIST>



      </VOUCHER>
    </TALLYMESSAGE>

    <TALLYMESSAGE xmlns:UDF="TallyUDF">
      <VOUCHER VCHTYPE="Sales" ACTION="Create">
        <DATE>20260527</DATE>
        <VOUCHERNUMBER>INV-20260526-9313</VOUCHERNUMBER>
        <NARRATION>Sales Invoice - Parikshit Sharma</NARRATION>
        <VOUCHERTYPENAME>Sales</VOUCHERTYPENAME>
        <PARTYLEDGERNAME>Sundry Debtors - Patients</PARTYLEDGERNAME>
        <LEDGERENTRIES.LIST>
          <LEDGERNAME>Sundry Debtors - Patients</LEDGERNAME>
          <ISDEEMEDPOSITIVE>Yes</ISDEEMEDPOSITIVE>
          <AMOUNT>-800000</AMOUNT>
        </LEDGERENTRIES.LIST>
        <LEDGERENTRIES.LIST>
          <LEDGERNAME>Sales Account</LEDGERNAME>
          <ISDEEMEDPOSITIVE>No</ISDEEMEDPOSITIVE>
          <AMOUNT>800000</AMOUNT>
        </LEDGERENTRIES.LIST>



      </VOUCHER>
    </TALLYMESSAGE>

    <TALLYMESSAGE xmlns:UDF="TallyUDF">
      <VOUCHER VCHTYPE="Receipt" ACTION="Create">
        <DATE>20260507</DATE>
        <VOUCHERNUMBER>REC-76413883</VOUCHERNUMBER>
        <NARRATION>Payment received - Card</NARRATION>
        <VOUCHERTYPENAME>Receipt</VOUCHERTYPENAME>
        <ALLLEDGERENTRIES.LIST>
          <LEDGERNAME>Bank Accounts</LEDGERNAME>
          <ISDEEMEDPOSITIVE>Yes</ISDEEMEDPOSITIVE>
          <AMOUNT>0</AMOUNT>
        </ALLLEDGERENTRIES.LIST>
        <ALLLEDGERENTRIES.LIST>
          <LEDGERNAME>Sundry Debtors - Patients</LEDGERNAME>
          <ISDEEMEDPOSITIVE>No</ISDEEMEDPOSITIVE>
          <AMOUNT>0</AMOUNT>
        </ALLLEDGERENTRIES.LIST>
      </VOUCHER>
    </TALLYMESSAGE>

    <TALLYMESSAGE xmlns:UDF="TallyUDF">
      <VOUCHER VCHTYPE="Receipt" ACTION="Create">
        <DATE>20260509</DATE>
        <VOUCHERNUMBER>RCP-20260509-8734</VOUCHERNUMBER>
        <NARRATION>Payment received - UPI</NARRATION>
        <VOUCHERTYPENAME>Receipt</VOUCHERTYPENAME>
        <ALLLEDGERENTRIES.LIST>
          <LEDGERNAME>Bank Accounts</LEDGERNAME>
          <ISDEEMEDPOSITIVE>Yes</ISDEEMEDPOSITIVE>
          <AMOUNT>-300</AMOUNT>
        </ALLLEDGERENTRIES.LIST>
        <ALLLEDGERENTRIES.LIST>
          <LEDGERNAME>Sundry Debtors - Patients</LEDGERNAME>
          <ISDEEMEDPOSITIVE>No</ISDEEMEDPOSITIVE>
          <AMOUNT>300</AMOUNT>
        </ALLLEDGERENTRIES.LIST>
      </VOUCHER>
    </TALLYMESSAGE>

    <TALLYMESSAGE xmlns:UDF="TallyUDF">
      <VOUCHER VCHTYPE="Receipt" ACTION="Create">
        <DATE>20260511</DATE>
        <VOUCHERNUMBER>REC-11525025</VOUCHERNUMBER>
        <NARRATION>Payment received - Cash</NARRATION>
        <VOUCHERTYPENAME>Receipt</VOUCHERTYPENAME>
        <ALLLEDGERENTRIES.LIST>
          <LEDGERNAME>Cash</LEDGERNAME>
          <ISDEEMEDPOSITIVE>Yes</ISDEEMEDPOSITIVE>
          <AMOUNT>-6088</AMOUNT>
        </ALLLEDGERENTRIES.LIST>
        <ALLLEDGERENTRIES.LIST>
          <LEDGERNAME>Sundry Debtors - Patients</LEDGERNAME>
          <ISDEEMEDPOSITIVE>No</ISDEEMEDPOSITIVE>
          <AMOUNT>6088</AMOUNT>
        </ALLLEDGERENTRIES.LIST>
      </VOUCHER>
    </TALLYMESSAGE>

    <TALLYMESSAGE xmlns:UDF="TallyUDF">
      <VOUCHER VCHTYPE="Receipt" ACTION="Create">
        <DATE>20260511</DATE>
        <VOUCHERNUMBER>REC-11857492</VOUCHERNUMBER>
        <NARRATION>Payment received - Cash</NARRATION>
        <VOUCHERTYPENAME>Receipt</VOUCHERTYPENAME>
        <ALLLEDGERENTRIES.LIST>
          <LEDGERNAME>Cash</LEDGERNAME>
          <ISDEEMEDPOSITIVE>Yes</ISDEEMEDPOSITIVE>
          <AMOUNT>-6088</AMOUNT>
        </ALLLEDGERENTRIES.LIST>
        <ALLLEDGERENTRIES.LIST>
          <LEDGERNAME>Sundry Debtors - Patients</LEDGERNAME>
          <ISDEEMEDPOSITIVE>No</ISDEEMEDPOSITIVE>
          <AMOUNT>6088</AMOUNT>
        </ALLLEDGERENTRIES.LIST>
      </VOUCHER>
    </TALLYMESSAGE>

    <TALLYMESSAGE xmlns:UDF="TallyUDF">
      <VOUCHER VCHTYPE="Receipt" ACTION="Create">
        <DATE>20260513</DATE>
        <VOUCHERNUMBER>REC-61515742</VOUCHERNUMBER>
        <NARRATION>Payment received - Cash</NARRATION>
        <VOUCHERTYPENAME>Receipt</VOUCHERTYPENAME>
        <ALLLEDGERENTRIES.LIST>
          <LEDGERNAME>Cash</LEDGERNAME>
          <ISDEEMEDPOSITIVE>Yes</ISDEEMEDPOSITIVE>
          <AMOUNT>-800</AMOUNT>
        </ALLLEDGERENTRIES.LIST>
        <ALLLEDGERENTRIES.LIST>
          <LEDGERNAME>Sundry Debtors - Patients</LEDGERNAME>
          <ISDEEMEDPOSITIVE>No</ISDEEMEDPOSITIVE>
          <AMOUNT>800</AMOUNT>
        </ALLLEDGERENTRIES.LIST>
      </VOUCHER>
    </TALLYMESSAGE>

    <TALLYMESSAGE xmlns:UDF="TallyUDF">
      <VOUCHER VCHTYPE="Receipt" ACTION="Create">
        <DATE>20260513</DATE>
        <VOUCHERNUMBER>RCP-20260513-0172</VOUCHERNUMBER>
        <NARRATION>Payment received - Cash</NARRATION>
        <VOUCHERTYPENAME>Receipt</VOUCHERTYPENAME>
        <ALLLEDGERENTRIES.LIST>
          <LEDGERNAME>Cash</LEDGERNAME>
          <ISDEEMEDPOSITIVE>Yes</ISDEEMEDPOSITIVE>
          <AMOUNT>-500</AMOUNT>
        </ALLLEDGERENTRIES.LIST>
        <ALLLEDGERENTRIES.LIST>
          <LEDGERNAME>Sundry Debtors - Patients</LEDGERNAME>
          <ISDEEMEDPOSITIVE>No</ISDEEMEDPOSITIVE>
          <AMOUNT>500</AMOUNT>
        </ALLLEDGERENTRIES.LIST>
      </VOUCHER>
    </TALLYMESSAGE>

    <TALLYMESSAGE xmlns:UDF="TallyUDF">
      <VOUCHER VCHTYPE="Receipt" ACTION="Create">
        <DATE>20260513</DATE>
        <VOUCHERNUMBER>RCP-20260513-0924</VOUCHERNUMBER>
        <NARRATION>Payment received - Cash</NARRATION>
        <VOUCHERTYPENAME>Receipt</VOUCHERTYPENAME>
        <ALLLEDGERENTRIES.LIST>
          <LEDGERNAME>Cash</LEDGERNAME>
          <ISDEEMEDPOSITIVE>Yes</ISDEEMEDPOSITIVE>
          <AMOUNT>-100</AMOUNT>
        </ALLLEDGERENTRIES.LIST>
        <ALLLEDGERENTRIES.LIST>
          <LEDGERNAME>Sundry Debtors - Patients</LEDGERNAME>
          <ISDEEMEDPOSITIVE>No</ISDEEMEDPOSITIVE>
          <AMOUNT>100</AMOUNT>
        </ALLLEDGERENTRIES.LIST>
      </VOUCHER>
    </TALLYMESSAGE>

    <TALLYMESSAGE xmlns:UDF="TallyUDF">
      <VOUCHER VCHTYPE="Receipt" ACTION="Create">
        <DATE>20260513</DATE>
        <VOUCHERNUMBER>RCP-20260513-6218</VOUCHERNUMBER>
        <NARRATION>Payment received - Cash</NARRATION>
        <VOUCHERTYPENAME>Receipt</VOUCHERTYPENAME>
        <ALLLEDGERENTRIES.LIST>
          <LEDGERNAME>Cash</LEDGERNAME>
          <ISDEEMEDPOSITIVE>Yes</ISDEEMEDPOSITIVE>
          <AMOUNT>-400</AMOUNT>
        </ALLLEDGERENTRIES.LIST>
        <ALLLEDGERENTRIES.LIST>
          <LEDGERNAME>Sundry Debtors - Patients</LEDGERNAME>
          <ISDEEMEDPOSITIVE>No</ISDEEMEDPOSITIVE>
          <AMOUNT>400</AMOUNT>
        </ALLLEDGERENTRIES.LIST>
      </VOUCHER>
    </TALLYMESSAGE>

    <TALLYMESSAGE xmlns:UDF="TallyUDF">
      <VOUCHER VCHTYPE="Receipt" ACTION="Create">
        <DATE>20260513</DATE>
        <VOUCHERNUMBER>RCP-20260513-4139</VOUCHERNUMBER>
        <NARRATION>Payment received - Cash</NARRATION>
        <VOUCHERTYPENAME>Receipt</VOUCHERTYPENAME>
        <ALLLEDGERENTRIES.LIST>
          <LEDGERNAME>Cash</LEDGERNAME>
          <ISDEEMEDPOSITIVE>Yes</ISDEEMEDPOSITIVE>
          <AMOUNT>-1000</AMOUNT>
        </ALLLEDGERENTRIES.LIST>
        <ALLLEDGERENTRIES.LIST>
          <LEDGERNAME>Sundry Debtors - Patients</LEDGERNAME>
          <ISDEEMEDPOSITIVE>No</ISDEEMEDPOSITIVE>
          <AMOUNT>1000</AMOUNT>
        </ALLLEDGERENTRIES.LIST>
      </VOUCHER>
    </TALLYMESSAGE>

    <TALLYMESSAGE xmlns:UDF="TallyUDF">
      <VOUCHER VCHTYPE="Receipt" ACTION="Create">
        <DATE>20260513</DATE>
        <VOUCHERNUMBER>RCP-20260513-0061</VOUCHERNUMBER>
        <NARRATION>Payment received - Cash</NARRATION>
        <VOUCHERTYPENAME>Receipt</VOUCHERTYPENAME>
        <ALLLEDGERENTRIES.LIST>
          <LEDGERNAME>Cash</LEDGERNAME>
          <ISDEEMEDPOSITIVE>Yes</ISDEEMEDPOSITIVE>
          <AMOUNT>-498</AMOUNT>
        </ALLLEDGERENTRIES.LIST>
        <ALLLEDGERENTRIES.LIST>
          <LEDGERNAME>Sundry Debtors - Patients</LEDGERNAME>
          <ISDEEMEDPOSITIVE>No</ISDEEMEDPOSITIVE>
          <AMOUNT>498</AMOUNT>
        </ALLLEDGERENTRIES.LIST>
      </VOUCHER>
    </TALLYMESSAGE>

    <TALLYMESSAGE xmlns:UDF="TallyUDF">
      <VOUCHER VCHTYPE="Receipt" ACTION="Create">
        <DATE>20260513</DATE>
        <VOUCHERNUMBER>REC-71551834</VOUCHERNUMBER>
        <NARRATION>Payment received - Cash</NARRATION>
        <VOUCHERTYPENAME>Receipt</VOUCHERTYPENAME>
        <ALLLEDGERENTRIES.LIST>
          <LEDGERNAME>Cash</LEDGERNAME>
          <ISDEEMEDPOSITIVE>Yes</ISDEEMEDPOSITIVE>
          <AMOUNT>-300</AMOUNT>
        </ALLLEDGERENTRIES.LIST>
        <ALLLEDGERENTRIES.LIST>
          <LEDGERNAME>Sundry Debtors - Patients</LEDGERNAME>
          <ISDEEMEDPOSITIVE>No</ISDEEMEDPOSITIVE>
          <AMOUNT>300</AMOUNT>
        </ALLLEDGERENTRIES.LIST>
      </VOUCHER>
    </TALLYMESSAGE>

    <TALLYMESSAGE xmlns:UDF="TallyUDF">
      <VOUCHER VCHTYPE="Receipt" ACTION="Create">
        <DATE>20260514</DATE>
        <VOUCHERNUMBER>RCP-20260514-6624</VOUCHERNUMBER>
        <NARRATION>Payment received - Card</NARRATION>
        <VOUCHERTYPENAME>Receipt</VOUCHERTYPENAME>
        <ALLLEDGERENTRIES.LIST>
          <LEDGERNAME>Bank Accounts</LEDGERNAME>
          <ISDEEMEDPOSITIVE>Yes</ISDEEMEDPOSITIVE>
          <AMOUNT>-20200</AMOUNT>
        </ALLLEDGERENTRIES.LIST>
        <ALLLEDGERENTRIES.LIST>
          <LEDGERNAME>Sundry Debtors - Patients</LEDGERNAME>
          <ISDEEMEDPOSITIVE>No</ISDEEMEDPOSITIVE>
          <AMOUNT>20200</AMOUNT>
        </ALLLEDGERENTRIES.LIST>
      </VOUCHER>
    </TALLYMESSAGE>

    <TALLYMESSAGE xmlns:UDF="TallyUDF">
      <VOUCHER VCHTYPE="Receipt" ACTION="Create">
        <DATE>20260514</DATE>
        <VOUCHERNUMBER>RCP-20260514-6946</VOUCHERNUMBER>
        <NARRATION>Payment received - Card</NARRATION>
        <VOUCHERTYPENAME>Receipt</VOUCHERTYPENAME>
        <ALLLEDGERENTRIES.LIST>
          <LEDGERNAME>Bank Accounts</LEDGERNAME>
          <ISDEEMEDPOSITIVE>Yes</ISDEEMEDPOSITIVE>
          <AMOUNT>-100</AMOUNT>
        </ALLLEDGERENTRIES.LIST>
        <ALLLEDGERENTRIES.LIST>
          <LEDGERNAME>Sundry Debtors - Patients</LEDGERNAME>
          <ISDEEMEDPOSITIVE>No</ISDEEMEDPOSITIVE>
          <AMOUNT>100</AMOUNT>
        </ALLLEDGERENTRIES.LIST>
      </VOUCHER>
    </TALLYMESSAGE>

    <TALLYMESSAGE xmlns:UDF="TallyUDF">
      <VOUCHER VCHTYPE="Receipt" ACTION="Create">
        <DATE>20260514</DATE>
        <VOUCHERNUMBER>REC-55755635</VOUCHERNUMBER>
        <NARRATION>Payment received - Cash</NARRATION>
        <VOUCHERTYPENAME>Receipt</VOUCHERTYPENAME>
        <ALLLEDGERENTRIES.LIST>
          <LEDGERNAME>Cash</LEDGERNAME>
          <ISDEEMEDPOSITIVE>Yes</ISDEEMEDPOSITIVE>
          <AMOUNT>-500</AMOUNT>
        </ALLLEDGERENTRIES.LIST>
        <ALLLEDGERENTRIES.LIST>
          <LEDGERNAME>Sundry Debtors - Patients</LEDGERNAME>
          <ISDEEMEDPOSITIVE>No</ISDEEMEDPOSITIVE>
          <AMOUNT>500</AMOUNT>
        </ALLLEDGERENTRIES.LIST>
      </VOUCHER>
    </TALLYMESSAGE>

    <TALLYMESSAGE xmlns:UDF="TallyUDF">
      <VOUCHER VCHTYPE="Receipt" ACTION="Create">
        <DATE>20260514</DATE>
        <VOUCHERNUMBER>RCP-20260514-3412</VOUCHERNUMBER>
        <NARRATION>Payment received - Cash</NARRATION>
        <VOUCHERTYPENAME>Receipt</VOUCHERTYPENAME>
        <ALLLEDGERENTRIES.LIST>
          <LEDGERNAME>Cash</LEDGERNAME>
          <ISDEEMEDPOSITIVE>Yes</ISDEEMEDPOSITIVE>
          <AMOUNT>-1500</AMOUNT>
        </ALLLEDGERENTRIES.LIST>
        <ALLLEDGERENTRIES.LIST>
          <LEDGERNAME>Sundry Debtors - Patients</LEDGERNAME>
          <ISDEEMEDPOSITIVE>No</ISDEEMEDPOSITIVE>
          <AMOUNT>1500</AMOUNT>
        </ALLLEDGERENTRIES.LIST>
      </VOUCHER>
    </TALLYMESSAGE>

    <TALLYMESSAGE xmlns:UDF="TallyUDF">
      <VOUCHER VCHTYPE="Receipt" ACTION="Create">
        <DATE>20260515</DATE>
        <VOUCHERNUMBER>RCP-20260515-6584</VOUCHERNUMBER>
        <NARRATION>Payment received - UPI</NARRATION>
        <VOUCHERTYPENAME>Receipt</VOUCHERTYPENAME>
        <ALLLEDGERENTRIES.LIST>
          <LEDGERNAME>Bank Accounts</LEDGERNAME>
          <ISDEEMEDPOSITIVE>Yes</ISDEEMEDPOSITIVE>
          <AMOUNT>-316977.5</AMOUNT>
        </ALLLEDGERENTRIES.LIST>
        <ALLLEDGERENTRIES.LIST>
          <LEDGERNAME>Sundry Debtors - Patients</LEDGERNAME>
          <ISDEEMEDPOSITIVE>No</ISDEEMEDPOSITIVE>
          <AMOUNT>316977.5</AMOUNT>
        </ALLLEDGERENTRIES.LIST>
      </VOUCHER>
    </TALLYMESSAGE>

    <TALLYMESSAGE xmlns:UDF="TallyUDF">
      <VOUCHER VCHTYPE="Receipt" ACTION="Create">
        <DATE>20260515</DATE>
        <VOUCHERNUMBER>REC-37698347</VOUCHERNUMBER>
        <NARRATION>Payment received - Cash</NARRATION>
        <VOUCHERTYPENAME>Receipt</VOUCHERTYPENAME>
        <ALLLEDGERENTRIES.LIST>
          <LEDGERNAME>Cash</LEDGERNAME>
          <ISDEEMEDPOSITIVE>Yes</ISDEEMEDPOSITIVE>
          <AMOUNT>-250</AMOUNT>
        </ALLLEDGERENTRIES.LIST>
        <ALLLEDGERENTRIES.LIST>
          <LEDGERNAME>Sundry Debtors - Patients</LEDGERNAME>
          <ISDEEMEDPOSITIVE>No</ISDEEMEDPOSITIVE>
          <AMOUNT>250</AMOUNT>
        </ALLLEDGERENTRIES.LIST>
      </VOUCHER>
    </TALLYMESSAGE>

    <TALLYMESSAGE xmlns:UDF="TallyUDF">
      <VOUCHER VCHTYPE="Receipt" ACTION="Create">
        <DATE>20260515</DATE>
        <VOUCHERNUMBER>REC-37941152</VOUCHERNUMBER>
        <NARRATION>Payment received - Cash</NARRATION>
        <VOUCHERTYPENAME>Receipt</VOUCHERTYPENAME>
        <ALLLEDGERENTRIES.LIST>
          <LEDGERNAME>Cash</LEDGERNAME>
          <ISDEEMEDPOSITIVE>Yes</ISDEEMEDPOSITIVE>
          <AMOUNT>-500</AMOUNT>
        </ALLLEDGERENTRIES.LIST>
        <ALLLEDGERENTRIES.LIST>
          <LEDGERNAME>Sundry Debtors - Patients</LEDGERNAME>
          <ISDEEMEDPOSITIVE>No</ISDEEMEDPOSITIVE>
          <AMOUNT>500</AMOUNT>
        </ALLLEDGERENTRIES.LIST>
      </VOUCHER>
    </TALLYMESSAGE>

    <TALLYMESSAGE xmlns:UDF="TallyUDF">
      <VOUCHER VCHTYPE="Receipt" ACTION="Create">
        <DATE>20260515</DATE>
        <VOUCHERNUMBER>REC-39533474</VOUCHERNUMBER>
        <NARRATION>Payment received - Cash</NARRATION>
        <VOUCHERTYPENAME>Receipt</VOUCHERTYPENAME>
        <ALLLEDGERENTRIES.LIST>
          <LEDGERNAME>Cash</LEDGERNAME>
          <ISDEEMEDPOSITIVE>Yes</ISDEEMEDPOSITIVE>
          <AMOUNT>-500</AMOUNT>
        </ALLLEDGERENTRIES.LIST>
        <ALLLEDGERENTRIES.LIST>
          <LEDGERNAME>Sundry Debtors - Patients</LEDGERNAME>
          <ISDEEMEDPOSITIVE>No</ISDEEMEDPOSITIVE>
          <AMOUNT>500</AMOUNT>
        </ALLLEDGERENTRIES.LIST>
      </VOUCHER>
    </TALLYMESSAGE>

    <TALLYMESSAGE xmlns:UDF="TallyUDF">
      <VOUCHER VCHTYPE="Receipt" ACTION="Create">
        <DATE>20260519</DATE>
        <VOUCHERNUMBER>REC-86358060</VOUCHERNUMBER>
        <NARRATION>Payment received - Cash</NARRATION>
        <VOUCHERTYPENAME>Receipt</VOUCHERTYPENAME>
        <ALLLEDGERENTRIES.LIST>
          <LEDGERNAME>Cash</LEDGERNAME>
          <ISDEEMEDPOSITIVE>Yes</ISDEEMEDPOSITIVE>
          <AMOUNT>0</AMOUNT>
        </ALLLEDGERENTRIES.LIST>
        <ALLLEDGERENTRIES.LIST>
          <LEDGERNAME>Sundry Debtors - Patients</LEDGERNAME>
          <ISDEEMEDPOSITIVE>No</ISDEEMEDPOSITIVE>
          <AMOUNT>0</AMOUNT>
        </ALLLEDGERENTRIES.LIST>
      </VOUCHER>
    </TALLYMESSAGE>

    <TALLYMESSAGE xmlns:UDF="TallyUDF">
      <VOUCHER VCHTYPE="Receipt" ACTION="Create">
        <DATE>20260519</DATE>
        <VOUCHERNUMBER>REC-86897975</VOUCHERNUMBER>
        <NARRATION>Payment received - Cash</NARRATION>
        <VOUCHERTYPENAME>Receipt</VOUCHERTYPENAME>
        <ALLLEDGERENTRIES.LIST>
          <LEDGERNAME>Cash</LEDGERNAME>
          <ISDEEMEDPOSITIVE>Yes</ISDEEMEDPOSITIVE>
          <AMOUNT>-500</AMOUNT>
        </ALLLEDGERENTRIES.LIST>
        <ALLLEDGERENTRIES.LIST>
          <LEDGERNAME>Sundry Debtors - Patients</LEDGERNAME>
          <ISDEEMEDPOSITIVE>No</ISDEEMEDPOSITIVE>
          <AMOUNT>500</AMOUNT>
        </ALLLEDGERENTRIES.LIST>
      </VOUCHER>
    </TALLYMESSAGE>

    <TALLYMESSAGE xmlns:UDF="TallyUDF">
      <VOUCHER VCHTYPE="Receipt" ACTION="Create">
        <DATE>20260519</DATE>
        <VOUCHERNUMBER>REC-86983601</VOUCHERNUMBER>
        <NARRATION>Payment received - Cash</NARRATION>
        <VOUCHERTYPENAME>Receipt</VOUCHERTYPENAME>
        <ALLLEDGERENTRIES.LIST>
          <LEDGERNAME>Cash</LEDGERNAME>
          <ISDEEMEDPOSITIVE>Yes</ISDEEMEDPOSITIVE>
          <AMOUNT>-500</AMOUNT>
        </ALLLEDGERENTRIES.LIST>
        <ALLLEDGERENTRIES.LIST>
          <LEDGERNAME>Sundry Debtors - Patients</LEDGERNAME>
          <ISDEEMEDPOSITIVE>No</ISDEEMEDPOSITIVE>
          <AMOUNT>500</AMOUNT>
        </ALLLEDGERENTRIES.LIST>
      </VOUCHER>
    </TALLYMESSAGE>

    <TALLYMESSAGE xmlns:UDF="TallyUDF">
      <VOUCHER VCHTYPE="Receipt" ACTION="Create">
        <DATE>20260520</DATE>
        <VOUCHERNUMBER>RCP-DEP-1779220638946-2</VOUCHERNUMBER>
        <NARRATION>Payment received - Deposit</NARRATION>
        <VOUCHERTYPENAME>Receipt</VOUCHERTYPENAME>
        <ALLLEDGERENTRIES.LIST>
          <LEDGERNAME>Bank Accounts</LEDGERNAME>
          <ISDEEMEDPOSITIVE>Yes</ISDEEMEDPOSITIVE>
          <AMOUNT>-5600</AMOUNT>
        </ALLLEDGERENTRIES.LIST>
        <ALLLEDGERENTRIES.LIST>
          <LEDGERNAME>Sundry Debtors - Patients</LEDGERNAME>
          <ISDEEMEDPOSITIVE>No</ISDEEMEDPOSITIVE>
          <AMOUNT>5600</AMOUNT>
        </ALLLEDGERENTRIES.LIST>
      </VOUCHER>
    </TALLYMESSAGE>

    <TALLYMESSAGE xmlns:UDF="TallyUDF">
      <VOUCHER VCHTYPE="Receipt" ACTION="Create">
        <DATE>20260520</DATE>
        <VOUCHERNUMBER>RCP-DEP-1779220638992-3</VOUCHERNUMBER>
        <NARRATION>Payment received - Deposit</NARRATION>
        <VOUCHERTYPENAME>Receipt</VOUCHERTYPENAME>
        <ALLLEDGERENTRIES.LIST>
          <LEDGERNAME>Bank Accounts</LEDGERNAME>
          <ISDEEMEDPOSITIVE>Yes</ISDEEMEDPOSITIVE>
          <AMOUNT>-5600</AMOUNT>
        </ALLLEDGERENTRIES.LIST>
        <ALLLEDGERENTRIES.LIST>
          <LEDGERNAME>Sundry Debtors - Patients</LEDGERNAME>
          <ISDEEMEDPOSITIVE>No</ISDEEMEDPOSITIVE>
          <AMOUNT>5600</AMOUNT>
        </ALLLEDGERENTRIES.LIST>
      </VOUCHER>
    </TALLYMESSAGE>

    <TALLYMESSAGE xmlns:UDF="TallyUDF">
      <VOUCHER VCHTYPE="Receipt" ACTION="Create">
        <DATE>20260520</DATE>
        <VOUCHERNUMBER>RCP-1779226013235-1q6e</VOUCHERNUMBER>
        <NARRATION>Payment received - Cash</NARRATION>
        <VOUCHERTYPENAME>Receipt</VOUCHERTYPENAME>
        <ALLLEDGERENTRIES.LIST>
          <LEDGERNAME>Cash</LEDGERNAME>
          <ISDEEMEDPOSITIVE>Yes</ISDEEMEDPOSITIVE>
          <AMOUNT>-1400</AMOUNT>
        </ALLLEDGERENTRIES.LIST>
        <ALLLEDGERENTRIES.LIST>
          <LEDGERNAME>Sundry Debtors - Patients</LEDGERNAME>
          <ISDEEMEDPOSITIVE>No</ISDEEMEDPOSITIVE>
          <AMOUNT>1400</AMOUNT>
        </ALLLEDGERENTRIES.LIST>
      </VOUCHER>
    </TALLYMESSAGE>

    <TALLYMESSAGE xmlns:UDF="TallyUDF">
      <VOUCHER VCHTYPE="Receipt" ACTION="Create">
        <DATE>20260520</DATE>
        <VOUCHERNUMBER>REC-30099226</VOUCHERNUMBER>
        <NARRATION>Payment received - Cash</NARRATION>
        <VOUCHERTYPENAME>Receipt</VOUCHERTYPENAME>
        <ALLLEDGERENTRIES.LIST>
          <LEDGERNAME>Cash</LEDGERNAME>
          <ISDEEMEDPOSITIVE>Yes</ISDEEMEDPOSITIVE>
          <AMOUNT>-500</AMOUNT>
        </ALLLEDGERENTRIES.LIST>
        <ALLLEDGERENTRIES.LIST>
          <LEDGERNAME>Sundry Debtors - Patients</LEDGERNAME>
          <ISDEEMEDPOSITIVE>No</ISDEEMEDPOSITIVE>
          <AMOUNT>500</AMOUNT>
        </ALLLEDGERENTRIES.LIST>
      </VOUCHER>
    </TALLYMESSAGE>

    <TALLYMESSAGE xmlns:UDF="TallyUDF">
      <VOUCHER VCHTYPE="Receipt" ACTION="Create">
        <DATE>20260520</DATE>
        <VOUCHERNUMBER>REC-30118154</VOUCHERNUMBER>
        <NARRATION>Payment received - Cash</NARRATION>
        <VOUCHERTYPENAME>Receipt</VOUCHERTYPENAME>
        <ALLLEDGERENTRIES.LIST>
          <LEDGERNAME>Cash</LEDGERNAME>
          <ISDEEMEDPOSITIVE>Yes</ISDEEMEDPOSITIVE>
          <AMOUNT>-700</AMOUNT>
        </ALLLEDGERENTRIES.LIST>
        <ALLLEDGERENTRIES.LIST>
          <LEDGERNAME>Sundry Debtors - Patients</LEDGERNAME>
          <ISDEEMEDPOSITIVE>No</ISDEEMEDPOSITIVE>
          <AMOUNT>700</AMOUNT>
        </ALLLEDGERENTRIES.LIST>
      </VOUCHER>
    </TALLYMESSAGE>

    <TALLYMESSAGE xmlns:UDF="TallyUDF">
      <VOUCHER VCHTYPE="Receipt" ACTION="Create">
        <DATE>20260520</DATE>
        <VOUCHERNUMBER>RCP-20260519-8524</VOUCHERNUMBER>
        <NARRATION>Payment received - UPI</NARRATION>
        <VOUCHERTYPENAME>Receipt</VOUCHERTYPENAME>
        <ALLLEDGERENTRIES.LIST>
          <LEDGERNAME>Bank Accounts</LEDGERNAME>
          <ISDEEMEDPOSITIVE>Yes</ISDEEMEDPOSITIVE>
          <AMOUNT>-3500</AMOUNT>
        </ALLLEDGERENTRIES.LIST>
        <ALLLEDGERENTRIES.LIST>
          <LEDGERNAME>Sundry Debtors - Patients</LEDGERNAME>
          <ISDEEMEDPOSITIVE>No</ISDEEMEDPOSITIVE>
          <AMOUNT>3500</AMOUNT>
        </ALLLEDGERENTRIES.LIST>
      </VOUCHER>
    </TALLYMESSAGE>

    <TALLYMESSAGE xmlns:UDF="TallyUDF">
      <VOUCHER VCHTYPE="Receipt" ACTION="Create">
        <DATE>20260520</DATE>
        <VOUCHERNUMBER>RCP-DEP-1779231849917</VOUCHERNUMBER>
        <NARRATION>Payment received - Deposit</NARRATION>
        <VOUCHERTYPENAME>Receipt</VOUCHERTYPENAME>
        <ALLLEDGERENTRIES.LIST>
          <LEDGERNAME>Bank Accounts</LEDGERNAME>
          <ISDEEMEDPOSITIVE>Yes</ISDEEMEDPOSITIVE>
          <AMOUNT>-8</AMOUNT>
        </ALLLEDGERENTRIES.LIST>
        <ALLLEDGERENTRIES.LIST>
          <LEDGERNAME>Sundry Debtors - Patients</LEDGERNAME>
          <ISDEEMEDPOSITIVE>No</ISDEEMEDPOSITIVE>
          <AMOUNT>8</AMOUNT>
        </ALLLEDGERENTRIES.LIST>
      </VOUCHER>
    </TALLYMESSAGE>

    <TALLYMESSAGE xmlns:UDF="TallyUDF">
      <VOUCHER VCHTYPE="Receipt" ACTION="Create">
        <DATE>20260520</DATE>
        <VOUCHERNUMBER>REC-34186489</VOUCHERNUMBER>
        <NARRATION>Payment received - UPI</NARRATION>
        <VOUCHERTYPENAME>Receipt</VOUCHERTYPENAME>
        <ALLLEDGERENTRIES.LIST>
          <LEDGERNAME>Bank Accounts</LEDGERNAME>
          <ISDEEMEDPOSITIVE>Yes</ISDEEMEDPOSITIVE>
          <AMOUNT>-850</AMOUNT>
        </ALLLEDGERENTRIES.LIST>
        <ALLLEDGERENTRIES.LIST>
          <LEDGERNAME>Sundry Debtors - Patients</LEDGERNAME>
          <ISDEEMEDPOSITIVE>No</ISDEEMEDPOSITIVE>
          <AMOUNT>850</AMOUNT>
        </ALLLEDGERENTRIES.LIST>
      </VOUCHER>
    </TALLYMESSAGE>

    <TALLYMESSAGE xmlns:UDF="TallyUDF">
      <VOUCHER VCHTYPE="Receipt" ACTION="Create">
        <DATE>20260520</DATE>
        <VOUCHERNUMBER>RCP-1779283252256-yjfc</VOUCHERNUMBER>
        <NARRATION>Payment received - Cash</NARRATION>
        <VOUCHERTYPENAME>Receipt</VOUCHERTYPENAME>
        <ALLLEDGERENTRIES.LIST>
          <LEDGERNAME>Cash</LEDGERNAME>
          <ISDEEMEDPOSITIVE>Yes</ISDEEMEDPOSITIVE>
          <AMOUNT>-700</AMOUNT>
        </ALLLEDGERENTRIES.LIST>
        <ALLLEDGERENTRIES.LIST>
          <LEDGERNAME>Sundry Debtors - Patients</LEDGERNAME>
          <ISDEEMEDPOSITIVE>No</ISDEEMEDPOSITIVE>
          <AMOUNT>700</AMOUNT>
        </ALLLEDGERENTRIES.LIST>
      </VOUCHER>
    </TALLYMESSAGE>

    <TALLYMESSAGE xmlns:UDF="TallyUDF">
      <VOUCHER VCHTYPE="Receipt" ACTION="Create">
        <DATE>20260521</DATE>
        <VOUCHERNUMBER>RCP-DEP-1779354691969-2</VOUCHERNUMBER>
        <NARRATION>Payment received - Deposit</NARRATION>
        <VOUCHERTYPENAME>Receipt</VOUCHERTYPENAME>
        <ALLLEDGERENTRIES.LIST>
          <LEDGERNAME>Bank Accounts</LEDGERNAME>
          <ISDEEMEDPOSITIVE>Yes</ISDEEMEDPOSITIVE>
          <AMOUNT>-2800</AMOUNT>
        </ALLLEDGERENTRIES.LIST>
        <ALLLEDGERENTRIES.LIST>
          <LEDGERNAME>Sundry Debtors - Patients</LEDGERNAME>
          <ISDEEMEDPOSITIVE>No</ISDEEMEDPOSITIVE>
          <AMOUNT>2800</AMOUNT>
        </ALLLEDGERENTRIES.LIST>
      </VOUCHER>
    </TALLYMESSAGE>

    <TALLYMESSAGE xmlns:UDF="TallyUDF">
      <VOUCHER VCHTYPE="Receipt" ACTION="Create">
        <DATE>20260521</DATE>
        <VOUCHERNUMBER>RCP-DEP-1779354692958-3</VOUCHERNUMBER>
        <NARRATION>Payment received - Deposit</NARRATION>
        <VOUCHERTYPENAME>Receipt</VOUCHERTYPENAME>
        <ALLLEDGERENTRIES.LIST>
          <LEDGERNAME>Bank Accounts</LEDGERNAME>
          <ISDEEMEDPOSITIVE>Yes</ISDEEMEDPOSITIVE>
          <AMOUNT>-2800</AMOUNT>
        </ALLLEDGERENTRIES.LIST>
        <ALLLEDGERENTRIES.LIST>
          <LEDGERNAME>Sundry Debtors - Patients</LEDGERNAME>
          <ISDEEMEDPOSITIVE>No</ISDEEMEDPOSITIVE>
          <AMOUNT>2800</AMOUNT>
        </ALLLEDGERENTRIES.LIST>
      </VOUCHER>
    </TALLYMESSAGE>

    <TALLYMESSAGE xmlns:UDF="TallyUDF">
      <VOUCHER VCHTYPE="Receipt" ACTION="Create">
        <DATE>20260521</DATE>
        <VOUCHERNUMBER>RCP-1779355017365-35jm</VOUCHERNUMBER>
        <NARRATION>Payment received - Cash</NARRATION>
        <VOUCHERTYPENAME>Receipt</VOUCHERTYPENAME>
        <ALLLEDGERENTRIES.LIST>
          <LEDGERNAME>Cash</LEDGERNAME>
          <ISDEEMEDPOSITIVE>Yes</ISDEEMEDPOSITIVE>
          <AMOUNT>-58500</AMOUNT>
        </ALLLEDGERENTRIES.LIST>
        <ALLLEDGERENTRIES.LIST>
          <LEDGERNAME>Sundry Debtors - Patients</LEDGERNAME>
          <ISDEEMEDPOSITIVE>No</ISDEEMEDPOSITIVE>
          <AMOUNT>58500</AMOUNT>
        </ALLLEDGERENTRIES.LIST>
      </VOUCHER>
    </TALLYMESSAGE>

    <TALLYMESSAGE xmlns:UDF="TallyUDF">
      <VOUCHER VCHTYPE="Receipt" ACTION="Create">
        <DATE>20260521</DATE>
        <VOUCHERNUMBER>RCP-20260521-2627</VOUCHERNUMBER>
        <NARRATION>Payment received - Cash</NARRATION>
        <VOUCHERTYPENAME>Receipt</VOUCHERTYPENAME>
        <ALLLEDGERENTRIES.LIST>
          <LEDGERNAME>Cash</LEDGERNAME>
          <ISDEEMEDPOSITIVE>Yes</ISDEEMEDPOSITIVE>
          <AMOUNT>-6500</AMOUNT>
        </ALLLEDGERENTRIES.LIST>
        <ALLLEDGERENTRIES.LIST>
          <LEDGERNAME>Sundry Debtors - Patients</LEDGERNAME>
          <ISDEEMEDPOSITIVE>No</ISDEEMEDPOSITIVE>
          <AMOUNT>6500</AMOUNT>
        </ALLLEDGERENTRIES.LIST>
      </VOUCHER>
    </TALLYMESSAGE>

    <TALLYMESSAGE xmlns:UDF="TallyUDF">
      <VOUCHER VCHTYPE="Receipt" ACTION="Create">
        <DATE>20260521</DATE>
        <VOUCHERNUMBER>RCP-20260521-6455</VOUCHERNUMBER>
        <NARRATION>Payment received - Cash</NARRATION>
        <VOUCHERTYPENAME>Receipt</VOUCHERTYPENAME>
        <ALLLEDGERENTRIES.LIST>
          <LEDGERNAME>Cash</LEDGERNAME>
          <ISDEEMEDPOSITIVE>Yes</ISDEEMEDPOSITIVE>
          <AMOUNT>-10500</AMOUNT>
        </ALLLEDGERENTRIES.LIST>
        <ALLLEDGERENTRIES.LIST>
          <LEDGERNAME>Sundry Debtors - Patients</LEDGERNAME>
          <ISDEEMEDPOSITIVE>No</ISDEEMEDPOSITIVE>
          <AMOUNT>10500</AMOUNT>
        </ALLLEDGERENTRIES.LIST>
      </VOUCHER>
    </TALLYMESSAGE>

    <TALLYMESSAGE xmlns:UDF="TallyUDF">
      <VOUCHER VCHTYPE="Receipt" ACTION="Create">
        <DATE>20260521</DATE>
        <VOUCHERNUMBER>RCP-DEP-1779370990978-8</VOUCHERNUMBER>
        <NARRATION>Payment received - Deposit</NARRATION>
        <VOUCHERTYPENAME>Receipt</VOUCHERTYPENAME>
        <ALLLEDGERENTRIES.LIST>
          <LEDGERNAME>Bank Accounts</LEDGERNAME>
          <ISDEEMEDPOSITIVE>Yes</ISDEEMEDPOSITIVE>
          <AMOUNT>-6500</AMOUNT>
        </ALLLEDGERENTRIES.LIST>
        <ALLLEDGERENTRIES.LIST>
          <LEDGERNAME>Sundry Debtors - Patients</LEDGERNAME>
          <ISDEEMEDPOSITIVE>No</ISDEEMEDPOSITIVE>
          <AMOUNT>6500</AMOUNT>
        </ALLLEDGERENTRIES.LIST>
      </VOUCHER>
    </TALLYMESSAGE>

    <TALLYMESSAGE xmlns:UDF="TallyUDF">
      <VOUCHER VCHTYPE="Receipt" ACTION="Create">
        <DATE>20260521</DATE>
        <VOUCHERNUMBER>RCP-1779373021832-icmj</VOUCHERNUMBER>
        <NARRATION>Payment received - UPI</NARRATION>
        <VOUCHERTYPENAME>Receipt</VOUCHERTYPENAME>
        <ALLLEDGERENTRIES.LIST>
          <LEDGERNAME>Bank Accounts</LEDGERNAME>
          <ISDEEMEDPOSITIVE>Yes</ISDEEMEDPOSITIVE>
          <AMOUNT>-700</AMOUNT>
        </ALLLEDGERENTRIES.LIST>
        <ALLLEDGERENTRIES.LIST>
          <LEDGERNAME>Sundry Debtors - Patients</LEDGERNAME>
          <ISDEEMEDPOSITIVE>No</ISDEEMEDPOSITIVE>
          <AMOUNT>700</AMOUNT>
        </ALLLEDGERENTRIES.LIST>
      </VOUCHER>
    </TALLYMESSAGE>

    <TALLYMESSAGE xmlns:UDF="TallyUDF">
      <VOUCHER VCHTYPE="Receipt" ACTION="Create">
        <DATE>20260522</DATE>
        <VOUCHERNUMBER>REC-35255055</VOUCHERNUMBER>
        <NARRATION>Payment received - Cash</NARRATION>
        <VOUCHERTYPENAME>Receipt</VOUCHERTYPENAME>
        <ALLLEDGERENTRIES.LIST>
          <LEDGERNAME>Cash</LEDGERNAME>
          <ISDEEMEDPOSITIVE>Yes</ISDEEMEDPOSITIVE>
          <AMOUNT>-500</AMOUNT>
        </ALLLEDGERENTRIES.LIST>
        <ALLLEDGERENTRIES.LIST>
          <LEDGERNAME>Sundry Debtors - Patients</LEDGERNAME>
          <ISDEEMEDPOSITIVE>No</ISDEEMEDPOSITIVE>
          <AMOUNT>500</AMOUNT>
        </ALLLEDGERENTRIES.LIST>
      </VOUCHER>
    </TALLYMESSAGE>

    <TALLYMESSAGE xmlns:UDF="TallyUDF">
      <VOUCHER VCHTYPE="Receipt" ACTION="Create">
        <DATE>20260522</DATE>
        <VOUCHERNUMBER>REC-35394113</VOUCHERNUMBER>
        <NARRATION>Payment received - Cash</NARRATION>
        <VOUCHERTYPENAME>Receipt</VOUCHERTYPENAME>
        <ALLLEDGERENTRIES.LIST>
          <LEDGERNAME>Cash</LEDGERNAME>
          <ISDEEMEDPOSITIVE>Yes</ISDEEMEDPOSITIVE>
          <AMOUNT>-300</AMOUNT>
        </ALLLEDGERENTRIES.LIST>
        <ALLLEDGERENTRIES.LIST>
          <LEDGERNAME>Sundry Debtors - Patients</LEDGERNAME>
          <ISDEEMEDPOSITIVE>No</ISDEEMEDPOSITIVE>
          <AMOUNT>300</AMOUNT>
        </ALLLEDGERENTRIES.LIST>
      </VOUCHER>
    </TALLYMESSAGE>

    <TALLYMESSAGE xmlns:UDF="TallyUDF">
      <VOUCHER VCHTYPE="Receipt" ACTION="Create">
        <DATE>20260522</DATE>
        <VOUCHERNUMBER>REC-37256385</VOUCHERNUMBER>
        <NARRATION>Payment received - Cash</NARRATION>
        <VOUCHERTYPENAME>Receipt</VOUCHERTYPENAME>
        <ALLLEDGERENTRIES.LIST>
          <LEDGERNAME>Cash</LEDGERNAME>
          <ISDEEMEDPOSITIVE>Yes</ISDEEMEDPOSITIVE>
          <AMOUNT>-500</AMOUNT>
        </ALLLEDGERENTRIES.LIST>
        <ALLLEDGERENTRIES.LIST>
          <LEDGERNAME>Sundry Debtors - Patients</LEDGERNAME>
          <ISDEEMEDPOSITIVE>No</ISDEEMEDPOSITIVE>
          <AMOUNT>500</AMOUNT>
        </ALLLEDGERENTRIES.LIST>
      </VOUCHER>
    </TALLYMESSAGE>

    <TALLYMESSAGE xmlns:UDF="TallyUDF">
      <VOUCHER VCHTYPE="Receipt" ACTION="Create">
        <DATE>20260522</DATE>
        <VOUCHERNUMBER>REC-37561168</VOUCHERNUMBER>
        <NARRATION>Payment received - Cash</NARRATION>
        <VOUCHERTYPENAME>Receipt</VOUCHERTYPENAME>
        <ALLLEDGERENTRIES.LIST>
          <LEDGERNAME>Cash</LEDGERNAME>
          <ISDEEMEDPOSITIVE>Yes</ISDEEMEDPOSITIVE>
          <AMOUNT>-350</AMOUNT>
        </ALLLEDGERENTRIES.LIST>
        <ALLLEDGERENTRIES.LIST>
          <LEDGERNAME>Sundry Debtors - Patients</LEDGERNAME>
          <ISDEEMEDPOSITIVE>No</ISDEEMEDPOSITIVE>
          <AMOUNT>350</AMOUNT>
        </ALLLEDGERENTRIES.LIST>
      </VOUCHER>
    </TALLYMESSAGE>

    <TALLYMESSAGE xmlns:UDF="TallyUDF">
      <VOUCHER VCHTYPE="Receipt" ACTION="Create">
        <DATE>20260523</DATE>
        <VOUCHERNUMBER>RCP-20260523-7704</VOUCHERNUMBER>
        <NARRATION>Payment received - Cash</NARRATION>
        <VOUCHERTYPENAME>Receipt</VOUCHERTYPENAME>
        <ALLLEDGERENTRIES.LIST>
          <LEDGERNAME>Cash</LEDGERNAME>
          <ISDEEMEDPOSITIVE>Yes</ISDEEMEDPOSITIVE>
          <AMOUNT>-500</AMOUNT>
        </ALLLEDGERENTRIES.LIST>
        <ALLLEDGERENTRIES.LIST>
          <LEDGERNAME>Sundry Debtors - Patients</LEDGERNAME>
          <ISDEEMEDPOSITIVE>No</ISDEEMEDPOSITIVE>
          <AMOUNT>500</AMOUNT>
        </ALLLEDGERENTRIES.LIST>
      </VOUCHER>
    </TALLYMESSAGE>

    <TALLYMESSAGE xmlns:UDF="TallyUDF">
      <VOUCHER VCHTYPE="Receipt" ACTION="Create">
        <DATE>20260523</DATE>
        <VOUCHERNUMBER>RCP-20260523-6518</VOUCHERNUMBER>
        <NARRATION>Payment received - Cash</NARRATION>
        <VOUCHERTYPENAME>Receipt</VOUCHERTYPENAME>
        <ALLLEDGERENTRIES.LIST>
          <LEDGERNAME>Cash</LEDGERNAME>
          <ISDEEMEDPOSITIVE>Yes</ISDEEMEDPOSITIVE>
          <AMOUNT>-3141.6</AMOUNT>
        </ALLLEDGERENTRIES.LIST>
        <ALLLEDGERENTRIES.LIST>
          <LEDGERNAME>Sundry Debtors - Patients</LEDGERNAME>
          <ISDEEMEDPOSITIVE>No</ISDEEMEDPOSITIVE>
          <AMOUNT>3141.6</AMOUNT>
        </ALLLEDGERENTRIES.LIST>
      </VOUCHER>
    </TALLYMESSAGE>

    <TALLYMESSAGE xmlns:UDF="TallyUDF">
      <VOUCHER VCHTYPE="Receipt" ACTION="Create">
        <DATE>20260523</DATE>
        <VOUCHERNUMBER>RCP-20260523-5776</VOUCHERNUMBER>
        <NARRATION>Payment received - Cash</NARRATION>
        <VOUCHERTYPENAME>Receipt</VOUCHERTYPENAME>
        <ALLLEDGERENTRIES.LIST>
          <LEDGERNAME>Cash</LEDGERNAME>
          <ISDEEMEDPOSITIVE>Yes</ISDEEMEDPOSITIVE>
          <AMOUNT>-208000</AMOUNT>
        </ALLLEDGERENTRIES.LIST>
        <ALLLEDGERENTRIES.LIST>
          <LEDGERNAME>Sundry Debtors - Patients</LEDGERNAME>
          <ISDEEMEDPOSITIVE>No</ISDEEMEDPOSITIVE>
          <AMOUNT>208000</AMOUNT>
        </ALLLEDGERENTRIES.LIST>
      </VOUCHER>
    </TALLYMESSAGE>

    <TALLYMESSAGE xmlns:UDF="TallyUDF">
      <VOUCHER VCHTYPE="Receipt" ACTION="Create">
        <DATE>20260523</DATE>
        <VOUCHERNUMBER>RCP-20260523-2823</VOUCHERNUMBER>
        <NARRATION>Payment received - Cash</NARRATION>
        <VOUCHERTYPENAME>Receipt</VOUCHERTYPENAME>
        <ALLLEDGERENTRIES.LIST>
          <LEDGERNAME>Cash</LEDGERNAME>
          <ISDEEMEDPOSITIVE>Yes</ISDEEMEDPOSITIVE>
          <AMOUNT>-500</AMOUNT>
        </ALLLEDGERENTRIES.LIST>
        <ALLLEDGERENTRIES.LIST>
          <LEDGERNAME>Sundry Debtors - Patients</LEDGERNAME>
          <ISDEEMEDPOSITIVE>No</ISDEEMEDPOSITIVE>
          <AMOUNT>500</AMOUNT>
        </ALLLEDGERENTRIES.LIST>
      </VOUCHER>
    </TALLYMESSAGE>

    <TALLYMESSAGE xmlns:UDF="TallyUDF">
      <VOUCHER VCHTYPE="Receipt" ACTION="Create">
        <DATE>20260523</DATE>
        <VOUCHERNUMBER>REC-51338435</VOUCHERNUMBER>
        <NARRATION>Payment received - Cash</NARRATION>
        <VOUCHERTYPENAME>Receipt</VOUCHERTYPENAME>
        <ALLLEDGERENTRIES.LIST>
          <LEDGERNAME>Cash</LEDGERNAME>
          <ISDEEMEDPOSITIVE>Yes</ISDEEMEDPOSITIVE>
          <AMOUNT>-500</AMOUNT>
        </ALLLEDGERENTRIES.LIST>
        <ALLLEDGERENTRIES.LIST>
          <LEDGERNAME>Sundry Debtors - Patients</LEDGERNAME>
          <ISDEEMEDPOSITIVE>No</ISDEEMEDPOSITIVE>
          <AMOUNT>500</AMOUNT>
        </ALLLEDGERENTRIES.LIST>
      </VOUCHER>
    </TALLYMESSAGE>

    <TALLYMESSAGE xmlns:UDF="TallyUDF">
      <VOUCHER VCHTYPE="Receipt" ACTION="Create">
        <DATE>20260523</DATE>
        <VOUCHERNUMBER>REC-51847208</VOUCHERNUMBER>
        <NARRATION>Payment received - Cash</NARRATION>
        <VOUCHERTYPENAME>Receipt</VOUCHERTYPENAME>
        <ALLLEDGERENTRIES.LIST>
          <LEDGERNAME>Cash</LEDGERNAME>
          <ISDEEMEDPOSITIVE>Yes</ISDEEMEDPOSITIVE>
          <AMOUNT>-250</AMOUNT>
        </ALLLEDGERENTRIES.LIST>
        <ALLLEDGERENTRIES.LIST>
          <LEDGERNAME>Sundry Debtors - Patients</LEDGERNAME>
          <ISDEEMEDPOSITIVE>No</ISDEEMEDPOSITIVE>
          <AMOUNT>250</AMOUNT>
        </ALLLEDGERENTRIES.LIST>
      </VOUCHER>
    </TALLYMESSAGE>

    <TALLYMESSAGE xmlns:UDF="TallyUDF">
      <VOUCHER VCHTYPE="Receipt" ACTION="Create">
        <DATE>20260525</DATE>
        <VOUCHERNUMBER>RCP-DEP-1779686005493</VOUCHERNUMBER>
        <NARRATION>Payment received - Deposit</NARRATION>
        <VOUCHERTYPENAME>Receipt</VOUCHERTYPENAME>
        <ALLLEDGERENTRIES.LIST>
          <LEDGERNAME>Bank Accounts</LEDGERNAME>
          <ISDEEMEDPOSITIVE>Yes</ISDEEMEDPOSITIVE>
          <AMOUNT>-700</AMOUNT>
        </ALLLEDGERENTRIES.LIST>
        <ALLLEDGERENTRIES.LIST>
          <LEDGERNAME>Sundry Debtors - Patients</LEDGERNAME>
          <ISDEEMEDPOSITIVE>No</ISDEEMEDPOSITIVE>
          <AMOUNT>700</AMOUNT>
        </ALLLEDGERENTRIES.LIST>
      </VOUCHER>
    </TALLYMESSAGE>

    <TALLYMESSAGE xmlns:UDF="TallyUDF">
      <VOUCHER VCHTYPE="Receipt" ACTION="Create">
        <DATE>20260525</DATE>
        <VOUCHERNUMBER>RCP-DEP-1779686057370</VOUCHERNUMBER>
        <NARRATION>Payment received - Deposit</NARRATION>
        <VOUCHERTYPENAME>Receipt</VOUCHERTYPENAME>
        <ALLLEDGERENTRIES.LIST>
          <LEDGERNAME>Bank Accounts</LEDGERNAME>
          <ISDEEMEDPOSITIVE>Yes</ISDEEMEDPOSITIVE>
          <AMOUNT>-9300</AMOUNT>
        </ALLLEDGERENTRIES.LIST>
        <ALLLEDGERENTRIES.LIST>
          <LEDGERNAME>Sundry Debtors - Patients</LEDGERNAME>
          <ISDEEMEDPOSITIVE>No</ISDEEMEDPOSITIVE>
          <AMOUNT>9300</AMOUNT>
        </ALLLEDGERENTRIES.LIST>
      </VOUCHER>
    </TALLYMESSAGE>

    <TALLYMESSAGE xmlns:UDF="TallyUDF">
      <VOUCHER VCHTYPE="Receipt" ACTION="Create">
        <DATE>20260525</DATE>
        <VOUCHERNUMBER>RCP-DEP-1779686062945</VOUCHERNUMBER>
        <NARRATION>Payment received - Deposit</NARRATION>
        <VOUCHERTYPENAME>Receipt</VOUCHERTYPENAME>
        <ALLLEDGERENTRIES.LIST>
          <LEDGERNAME>Bank Accounts</LEDGERNAME>
          <ISDEEMEDPOSITIVE>Yes</ISDEEMEDPOSITIVE>
          <AMOUNT>-500</AMOUNT>
        </ALLLEDGERENTRIES.LIST>
        <ALLLEDGERENTRIES.LIST>
          <LEDGERNAME>Sundry Debtors - Patients</LEDGERNAME>
          <ISDEEMEDPOSITIVE>No</ISDEEMEDPOSITIVE>
          <AMOUNT>500</AMOUNT>
        </ALLLEDGERENTRIES.LIST>
      </VOUCHER>
    </TALLYMESSAGE>

    <TALLYMESSAGE xmlns:UDF="TallyUDF">
      <VOUCHER VCHTYPE="Receipt" ACTION="Create">
        <DATE>20260525</DATE>
        <VOUCHERNUMBER>REC-87298060</VOUCHERNUMBER>
        <NARRATION>Payment received - Cash</NARRATION>
        <VOUCHERTYPENAME>Receipt</VOUCHERTYPENAME>
        <ALLLEDGERENTRIES.LIST>
          <LEDGERNAME>Cash</LEDGERNAME>
          <ISDEEMEDPOSITIVE>Yes</ISDEEMEDPOSITIVE>
          <AMOUNT>-700</AMOUNT>
        </ALLLEDGERENTRIES.LIST>
        <ALLLEDGERENTRIES.LIST>
          <LEDGERNAME>Sundry Debtors - Patients</LEDGERNAME>
          <ISDEEMEDPOSITIVE>No</ISDEEMEDPOSITIVE>
          <AMOUNT>700</AMOUNT>
        </ALLLEDGERENTRIES.LIST>
      </VOUCHER>
    </TALLYMESSAGE>

    <TALLYMESSAGE xmlns:UDF="TallyUDF">
      <VOUCHER VCHTYPE="Receipt" ACTION="Create">
        <DATE>20260525</DATE>
        <VOUCHERNUMBER>RCP-20260525-4482</VOUCHERNUMBER>
        <NARRATION>Payment received - Cash</NARRATION>
        <VOUCHERTYPENAME>Receipt</VOUCHERTYPENAME>
        <ALLLEDGERENTRIES.LIST>
          <LEDGERNAME>Cash</LEDGERNAME>
          <ISDEEMEDPOSITIVE>Yes</ISDEEMEDPOSITIVE>
          <AMOUNT>-1000</AMOUNT>
        </ALLLEDGERENTRIES.LIST>
        <ALLLEDGERENTRIES.LIST>
          <LEDGERNAME>Sundry Debtors - Patients</LEDGERNAME>
          <ISDEEMEDPOSITIVE>No</ISDEEMEDPOSITIVE>
          <AMOUNT>1000</AMOUNT>
        </ALLLEDGERENTRIES.LIST>
      </VOUCHER>
    </TALLYMESSAGE>

    <TALLYMESSAGE xmlns:UDF="TallyUDF">
      <VOUCHER VCHTYPE="Receipt" ACTION="Create">
        <DATE>20260525</DATE>
        <VOUCHERNUMBER>RCP-1779706539664-jnuu</VOUCHERNUMBER>
        <NARRATION>Payment received - Cash</NARRATION>
        <VOUCHERTYPENAME>Receipt</VOUCHERTYPENAME>
        <ALLLEDGERENTRIES.LIST>
          <LEDGERNAME>Cash</LEDGERNAME>
          <ISDEEMEDPOSITIVE>Yes</ISDEEMEDPOSITIVE>
          <AMOUNT>-61600</AMOUNT>
        </ALLLEDGERENTRIES.LIST>
        <ALLLEDGERENTRIES.LIST>
          <LEDGERNAME>Sundry Debtors - Patients</LEDGERNAME>
          <ISDEEMEDPOSITIVE>No</ISDEEMEDPOSITIVE>
          <AMOUNT>61600</AMOUNT>
        </ALLLEDGERENTRIES.LIST>
      </VOUCHER>
    </TALLYMESSAGE>

    <TALLYMESSAGE xmlns:UDF="TallyUDF">
      <VOUCHER VCHTYPE="Receipt" ACTION="Create">
        <DATE>20260526</DATE>
        <VOUCHERNUMBER>RCP-DEP-1779790933135-13</VOUCHERNUMBER>
        <NARRATION>Payment received - Deposit</NARRATION>
        <VOUCHERTYPENAME>Receipt</VOUCHERTYPENAME>
        <ALLLEDGERENTRIES.LIST>
          <LEDGERNAME>Bank Accounts</LEDGERNAME>
          <ISDEEMEDPOSITIVE>Yes</ISDEEMEDPOSITIVE>
          <AMOUNT>-100000</AMOUNT>
        </ALLLEDGERENTRIES.LIST>
        <ALLLEDGERENTRIES.LIST>
          <LEDGERNAME>Sundry Debtors - Patients</LEDGERNAME>
          <ISDEEMEDPOSITIVE>No</ISDEEMEDPOSITIVE>
          <AMOUNT>100000</AMOUNT>
        </ALLLEDGERENTRIES.LIST>
      </VOUCHER>
    </TALLYMESSAGE>

    <TALLYMESSAGE xmlns:UDF="TallyUDF">
      <VOUCHER VCHTYPE="Receipt" ACTION="Create">
        <DATE>20260526</DATE>
        <VOUCHERNUMBER>RCP-1779790934821-rw38</VOUCHERNUMBER>
        <NARRATION>Payment received - Cash</NARRATION>
        <VOUCHERTYPENAME>Receipt</VOUCHERTYPENAME>
        <ALLLEDGERENTRIES.LIST>
          <LEDGERNAME>Cash</LEDGERNAME>
          <ISDEEMEDPOSITIVE>Yes</ISDEEMEDPOSITIVE>
          <AMOUNT>-100000</AMOUNT>
        </ALLLEDGERENTRIES.LIST>
        <ALLLEDGERENTRIES.LIST>
          <LEDGERNAME>Sundry Debtors - Patients</LEDGERNAME>
          <ISDEEMEDPOSITIVE>No</ISDEEMEDPOSITIVE>
          <AMOUNT>100000</AMOUNT>
        </ALLLEDGERENTRIES.LIST>
      </VOUCHER>
    </TALLYMESSAGE>

    <TALLYMESSAGE xmlns:UDF="TallyUDF">
      <VOUCHER VCHTYPE="Receipt" ACTION="Create">
        <DATE>20260526</DATE>
        <VOUCHERNUMBER>RCP-DEP-1779791166013-14</VOUCHERNUMBER>
        <NARRATION>Payment received - Deposit</NARRATION>
        <VOUCHERTYPENAME>Receipt</VOUCHERTYPENAME>
        <ALLLEDGERENTRIES.LIST>
          <LEDGERNAME>Bank Accounts</LEDGERNAME>
          <ISDEEMEDPOSITIVE>Yes</ISDEEMEDPOSITIVE>
          <AMOUNT>-100000</AMOUNT>
        </ALLLEDGERENTRIES.LIST>
        <ALLLEDGERENTRIES.LIST>
          <LEDGERNAME>Sundry Debtors - Patients</LEDGERNAME>
          <ISDEEMEDPOSITIVE>No</ISDEEMEDPOSITIVE>
          <AMOUNT>100000</AMOUNT>
        </ALLLEDGERENTRIES.LIST>
      </VOUCHER>
    </TALLYMESSAGE>

    <TALLYMESSAGE xmlns:UDF="TallyUDF">
      <VOUCHER VCHTYPE="Receipt" ACTION="Create">
        <DATE>20260526</DATE>
        <VOUCHERNUMBER>RCP-1779791167242-b296</VOUCHERNUMBER>
        <NARRATION>Payment received - UPI</NARRATION>
        <VOUCHERTYPENAME>Receipt</VOUCHERTYPENAME>
        <ALLLEDGERENTRIES.LIST>
          <LEDGERNAME>Bank Accounts</LEDGERNAME>
          <ISDEEMEDPOSITIVE>Yes</ISDEEMEDPOSITIVE>
          <AMOUNT>-100000</AMOUNT>
        </ALLLEDGERENTRIES.LIST>
        <ALLLEDGERENTRIES.LIST>
          <LEDGERNAME>Sundry Debtors - Patients</LEDGERNAME>
          <ISDEEMEDPOSITIVE>No</ISDEEMEDPOSITIVE>
          <AMOUNT>100000</AMOUNT>
        </ALLLEDGERENTRIES.LIST>
      </VOUCHER>
    </TALLYMESSAGE>

    <TALLYMESSAGE xmlns:UDF="TallyUDF">
      <VOUCHER VCHTYPE="Receipt" ACTION="Create">
        <DATE>20260526</DATE>
        <VOUCHERNUMBER>RCP-DEP-1779791328280-15</VOUCHERNUMBER>
        <NARRATION>Payment received - Deposit</NARRATION>
        <VOUCHERTYPENAME>Receipt</VOUCHERTYPENAME>
        <ALLLEDGERENTRIES.LIST>
          <LEDGERNAME>Bank Accounts</LEDGERNAME>
          <ISDEEMEDPOSITIVE>Yes</ISDEEMEDPOSITIVE>
          <AMOUNT>-100000</AMOUNT>
        </ALLLEDGERENTRIES.LIST>
        <ALLLEDGERENTRIES.LIST>
          <LEDGERNAME>Sundry Debtors - Patients</LEDGERNAME>
          <ISDEEMEDPOSITIVE>No</ISDEEMEDPOSITIVE>
          <AMOUNT>100000</AMOUNT>
        </ALLLEDGERENTRIES.LIST>
      </VOUCHER>
    </TALLYMESSAGE>

    <TALLYMESSAGE xmlns:UDF="TallyUDF">
      <VOUCHER VCHTYPE="Receipt" ACTION="Create">
        <DATE>20260526</DATE>
        <VOUCHERNUMBER>RCP-1779791329729-0ge3</VOUCHERNUMBER>
        <NARRATION>Payment received - Cash</NARRATION>
        <VOUCHERTYPENAME>Receipt</VOUCHERTYPENAME>
        <ALLLEDGERENTRIES.LIST>
          <LEDGERNAME>Cash</LEDGERNAME>
          <ISDEEMEDPOSITIVE>Yes</ISDEEMEDPOSITIVE>
          <AMOUNT>-100000</AMOUNT>
        </ALLLEDGERENTRIES.LIST>
        <ALLLEDGERENTRIES.LIST>
          <LEDGERNAME>Sundry Debtors - Patients</LEDGERNAME>
          <ISDEEMEDPOSITIVE>No</ISDEEMEDPOSITIVE>
          <AMOUNT>100000</AMOUNT>
        </ALLLEDGERENTRIES.LIST>
      </VOUCHER>
    </TALLYMESSAGE>

    <TALLYMESSAGE xmlns:UDF="TallyUDF">
      <VOUCHER VCHTYPE="Receipt" ACTION="Create">
        <DATE>20260526</DATE>
        <VOUCHERNUMBER>RCP-1779796932513-k4vs</VOUCHERNUMBER>
        <NARRATION>Payment received - Cash</NARRATION>
        <VOUCHERTYPENAME>Receipt</VOUCHERTYPENAME>
        <ALLLEDGERENTRIES.LIST>
          <LEDGERNAME>Cash</LEDGERNAME>
          <ISDEEMEDPOSITIVE>Yes</ISDEEMEDPOSITIVE>
          <AMOUNT>-700</AMOUNT>
        </ALLLEDGERENTRIES.LIST>
        <ALLLEDGERENTRIES.LIST>
          <LEDGERNAME>Sundry Debtors - Patients</LEDGERNAME>
          <ISDEEMEDPOSITIVE>No</ISDEEMEDPOSITIVE>
          <AMOUNT>700</AMOUNT>
        </ALLLEDGERENTRIES.LIST>
      </VOUCHER>
    </TALLYMESSAGE>

    <TALLYMESSAGE xmlns:UDF="TallyUDF">
      <VOUCHER VCHTYPE="Receipt" ACTION="Create">
        <DATE>20260526</DATE>
        <VOUCHERNUMBER>REC-97783017</VOUCHERNUMBER>
        <NARRATION>Payment received - Cash</NARRATION>
        <VOUCHERTYPENAME>Receipt</VOUCHERTYPENAME>
        <ALLLEDGERENTRIES.LIST>
          <LEDGERNAME>Cash</LEDGERNAME>
          <ISDEEMEDPOSITIVE>Yes</ISDEEMEDPOSITIVE>
          <AMOUNT>-350</AMOUNT>
        </ALLLEDGERENTRIES.LIST>
        <ALLLEDGERENTRIES.LIST>
          <LEDGERNAME>Sundry Debtors - Patients</LEDGERNAME>
          <ISDEEMEDPOSITIVE>No</ISDEEMEDPOSITIVE>
          <AMOUNT>350</AMOUNT>
        </ALLLEDGERENTRIES.LIST>
      </VOUCHER>
    </TALLYMESSAGE>

    <TALLYMESSAGE xmlns:UDF="TallyUDF">
      <VOUCHER VCHTYPE="Payment" ACTION="Create">
        <DATE>20260527</DATE>
        <VOUCHERNUMBER>EXP-20260515-9186</VOUCHERNUMBER>
        <NARRATION>fghffht</NARRATION>
        <VOUCHERTYPENAME>Payment</VOUCHERTYPENAME>
        <ALLLEDGERENTRIES.LIST>
          <LEDGERNAME>Operating Expenses</LEDGERNAME>
          <ISDEEMEDPOSITIVE>Yes</ISDEEMEDPOSITIVE>
          <AMOUNT>-6567</AMOUNT>
        </ALLLEDGERENTRIES.LIST>
        <ALLLEDGERENTRIES.LIST>
          <LEDGERNAME>Cash</LEDGERNAME>
          <ISDEEMEDPOSITIVE>No</ISDEEMEDPOSITIVE>
          <AMOUNT>6567</AMOUNT>
        </ALLLEDGERENTRIES.LIST>
      </VOUCHER>
    </TALLYMESSAGE>

    <TALLYMESSAGE xmlns:UDF="TallyUDF">
      <VOUCHER VCHTYPE="Payment" ACTION="Create">
        <DATE>20260527</DATE>
        <VOUCHERNUMBER>EXP-20260526-3304</VOUCHERNUMBER>
        <NARRATION>hjkjewertyuuy</NARRATION>
        <VOUCHERTYPENAME>Payment</VOUCHERTYPENAME>
        <ALLLEDGERENTRIES.LIST>
          <LEDGERNAME>Operating Expenses</LEDGERNAME>
          <ISDEEMEDPOSITIVE>Yes</ISDEEMEDPOSITIVE>
          <AMOUNT>-2000</AMOUNT>
        </ALLLEDGERENTRIES.LIST>
        <ALLLEDGERENTRIES.LIST>
          <LEDGERNAME>Cash</LEDGERNAME>
          <ISDEEMEDPOSITIVE>No</ISDEEMEDPOSITIVE>
          <AMOUNT>2000</AMOUNT>
        </ALLLEDGERENTRIES.LIST>
      </VOUCHER>
    </TALLYMESSAGE>

    <TALLYMESSAGE xmlns:UDF="TallyUDF">
      <VOUCHER VCHTYPE="Payment" ACTION="Create">
        <DATE>20260527</DATE>
        <VOUCHERNUMBER>EXP-20260526-5249</VOUCHERNUMBER>
        <NARRATION>frgthg</NARRATION>
        <VOUCHERTYPENAME>Payment</VOUCHERTYPENAME>
        <ALLLEDGERENTRIES.LIST>
          <LEDGERNAME>Operating Expenses</LEDGERNAME>
          <ISDEEMEDPOSITIVE>Yes</ISDEEMEDPOSITIVE>
          <AMOUNT>-2000</AMOUNT>
        </ALLLEDGERENTRIES.LIST>
        <ALLLEDGERENTRIES.LIST>
          <LEDGERNAME>Sundry Creditors</LEDGERNAME>
          <ISDEEMEDPOSITIVE>No</ISDEEMEDPOSITIVE>
          <AMOUNT>2000</AMOUNT>
        </ALLLEDGERENTRIES.LIST>
      </VOUCHER>
    </TALLYMESSAGE>
      

      

    <TALLYMESSAGE xmlns:UDF="TallyUDF">
      <LEDGER NAME="sisko" ACTION="Create">
        <NAME>sisko</NAME>
        <PARENT>Sundry Creditors</PARENT>
        <ISBILLWISEON>Yes</ISBILLWISEON>
        <ADDRESS.LIST>
          <ADDRESS>EJHFDBWEHFB</ADDRESS>
        </ADDRESS.LIST>
        <GSTIN>EKJHDEWHD</GSTIN>
        <INCOMETAXNUMBER>JDFBJBF</INCOMETAXNUMBER>
      </LEDGER>
    </TALLYMESSAGE>

    <TALLYMESSAGE xmlns:UDF="TallyUDF">
      <LEDGER NAME="HJGUFV" ACTION="Create">
        <NAME>HJGUFV</NAME>
        <PARENT>Sundry Creditors</PARENT>
        <ISBILLWISEON>Yes</ISBILLWISEON>
        <ADDRESS.LIST>
          <ADDRESS>NHVY</ADDRESS>
        </ADDRESS.LIST>
        <GSTIN>NMBVY</GSTIN>
        <INCOMETAXNUMBER>YVV</INCOMETAXNUMBER>
      </LEDGER>
    </TALLYMESSAGE>
      
      </REQUESTDATA>
    </IMPORTDATA>
  </BODY>
</ENVELOPE>