<?xml version="1.0" encoding="UTF-8"?>
<ENVELOPE>
  <HEADER>
    <TALLYREQUEST>Import Data</TALLYREQUEST>
  </HEADER>
  <BODY>
    <IMPORTDATA>
      <REQUESTDESC>
        <REPORTNAME>All Masters</REPORTNAME>
      </REQUESTDESC>
      <REQUESTDATA>


    <TALLYMESSAGE xmlns:UDF="TallyUDF">
      <VOUCHER VCHTYPE="Sales" ACTION="Create">
        <DATE>20260412</DATE>
        <VOUCHERNUMBER>INV-OPD-1001</VOUCHERNUMBER>
        <NARRATION>Sales Invoice - Parikshit Sharma</NARRATION>
        <VOUCHERTYPENAME>Sales</VOUCHERTYPENAME>
        <PARTYLEDGERNAME>Sundry Debtors - Patients</PARTYLEDGERNAME>
        <ALLLEDGERENTRIES.LIST>
          <LEDGERNAME>Sundry Debtors - Patients</LEDGERNAME>
          <ISDEEMEDPOSITIVE>Yes</ISDEEMEDPOSITIVE>
          <AMOUNT>800</AMOUNT>
        </ALLLEDGERENTRIES.LIST>
        <ALLLEDGERENTRIES.LIST>
          <LEDGERNAME>Sales Account</LEDGERNAME>
          <ISDEEMEDPOSITIVE>No</ISDEEMEDPOSITIVE>
          <AMOUNT>-800</AMOUNT>
        </ALLLEDGERENTRIES.LIST>



      </VOUCHER>
    </TALLYMESSAGE>

    <TALLYMESSAGE xmlns:UDF="TallyUDF">
      <VOUCHER VCHTYPE="Sales" ACTION="Create">
        <DATE>20260412</DATE>
        <VOUCHERNUMBER>INV-OPD-1002</VOUCHERNUMBER>
        <NARRATION>Sales Invoice - Priya Mehta</NARRATION>
        <VOUCHERTYPENAME>Sales</VOUCHERTYPENAME>
        <PARTYLEDGERNAME>Sundry Debtors - Patients</PARTYLEDGERNAME>
        <ALLLEDGERENTRIES.LIST>
          <LEDGERNAME>Sundry Debtors - Patients</LEDGERNAME>
          <ISDEEMEDPOSITIVE>Yes</ISDEEMEDPOSITIVE>
          <AMOUNT>1200</AMOUNT>
        </ALLLEDGERENTRIES.LIST>
        <ALLLEDGERENTRIES.LIST>
          <LEDGERNAME>Sales Account</LEDGERNAME>
          <ISDEEMEDPOSITIVE>No</ISDEEMEDPOSITIVE>
          <AMOUNT>-1200</AMOUNT>
        </ALLLEDGERENTRIES.LIST>



      </VOUCHER>
    </TALLYMESSAGE>

    <TALLYMESSAGE xmlns:UDF="TallyUDF">
      <VOUCHER VCHTYPE="Sales" ACTION="Create">
        <DATE>20260412</DATE>
        <VOUCHERNUMBER>INV-IPD-1001</VOUCHERNUMBER>
        <NARRATION>Sales Invoice - Parikshit Sharma</NARRATION>
        <VOUCHERTYPENAME>Sales</VOUCHERTYPENAME>
        <PARTYLEDGERNAME>Sundry Debtors - Patients</PARTYLEDGERNAME>
        <ALLLEDGERENTRIES.LIST>
          <LEDGERNAME>Sundry Debtors - Patients</LEDGERNAME>
          <ISDEEMEDPOSITIVE>Yes</ISDEEMEDPOSITIVE>
          <AMOUNT>6000</AMOUNT>
        </ALLLEDGERENTRIES.LIST>
        <ALLLEDGERENTRIES.LIST>
          <LEDGERNAME>Sales Account</LEDGERNAME>
          <ISDEEMEDPOSITIVE>No</ISDEEMEDPOSITIVE>
          <AMOUNT>-6000</AMOUNT>
        </ALLLEDGERENTRIES.LIST>



      </VOUCHER>
    </TALLYMESSAGE>

    <TALLYMESSAGE xmlns:UDF="TallyUDF">
      <VOUCHER VCHTYPE="Sales" ACTION="Create">
        <DATE>20260412</DATE>
        <VOUCHERNUMBER>INV-IPD-1002</VOUCHERNUMBER>
        <NARRATION>Sales Invoice - Priya Mehta</NARRATION>
        <VOUCHERTYPENAME>Sales</VOUCHERTYPENAME>
        <PARTYLEDGERNAME>Sundry Debtors - Patients</PARTYLEDGERNAME>
        <ALLLEDGERENTRIES.LIST>
          <LEDGERNAME>Sundry Debtors - Patients</LEDGERNAME>
          <ISDEEMEDPOSITIVE>Yes</ISDEEMEDPOSITIVE>
          <AMOUNT>6000</AMOUNT>
        </ALLLEDGERENTRIES.LIST>
        <ALLLEDGERENTRIES.LIST>
          <LEDGERNAME>Sales Account</LEDGERNAME>
          <ISDEEMEDPOSITIVE>No</ISDEEMEDPOSITIVE>
          <AMOUNT>-6000</AMOUNT>
        </ALLLEDGERENTRIES.LIST>



      </VOUCHER>
    </TALLYMESSAGE>

    <TALLYMESSAGE xmlns:UDF="TallyUDF">
      <VOUCHER VCHTYPE="Sales" ACTION="Create">
        <DATE>20260413</DATE>
        <VOUCHERNUMBER>INV-20260413-8030</VOUCHERNUMBER>
        <NARRATION>Sales Invoice - mahak jain</NARRATION>
        <VOUCHERTYPENAME>Sales</VOUCHERTYPENAME>
        <PARTYLEDGERNAME>Sundry Debtors - Patients</PARTYLEDGERNAME>
        <ALLLEDGERENTRIES.LIST>
          <LEDGERNAME>Sundry Debtors - Patients</LEDGERNAME>
          <ISDEEMEDPOSITIVE>Yes</ISDEEMEDPOSITIVE>
          <AMOUNT>5000</AMOUNT>
        </ALLLEDGERENTRIES.LIST>
        <ALLLEDGERENTRIES.LIST>
          <LEDGERNAME>Sales Account</LEDGERNAME>
          <ISDEEMEDPOSITIVE>No</ISDEEMEDPOSITIVE>
          <AMOUNT>-5000</AMOUNT>
        </ALLLEDGERENTRIES.LIST>



      </VOUCHER>
    </TALLYMESSAGE>

    <TALLYMESSAGE xmlns:UDF="TallyUDF">
      <VOUCHER VCHTYPE="Sales" ACTION="Create">
        <DATE>20260514</DATE>
        <VOUCHERNUMBER>INV-20260514-1777</VOUCHERNUMBER>
        <NARRATION>Sales Invoice - Unknown Male ~43</NARRATION>
        <VOUCHERTYPENAME>Sales</VOUCHERTYPENAME>
        <PARTYLEDGERNAME>Sundry Debtors - Patients</PARTYLEDGERNAME>
        <ALLLEDGERENTRIES.LIST>
          <LEDGERNAME>Sundry Debtors - Patients</LEDGERNAME>
          <ISDEEMEDPOSITIVE>Yes</ISDEEMEDPOSITIVE>
          <AMOUNT>500</AMOUNT>
        </ALLLEDGERENTRIES.LIST>
        <ALLLEDGERENTRIES.LIST>
          <LEDGERNAME>Sales Account</LEDGERNAME>
          <ISDEEMEDPOSITIVE>No</ISDEEMEDPOSITIVE>
          <AMOUNT>-500</AMOUNT>
        </ALLLEDGERENTRIES.LIST>



      </VOUCHER>
    </TALLYMESSAGE>

    <TALLYMESSAGE xmlns:UDF="TallyUDF">
      <VOUCHER VCHTYPE="Sales" ACTION="Create">
        <DATE>20260416</DATE>
        <VOUCHERNUMBER>INV-43388533</VOUCHERNUMBER>
        <NARRATION>Sales Invoice - mahak jain</NARRATION>
        <VOUCHERTYPENAME>Sales</VOUCHERTYPENAME>
        <PARTYLEDGERNAME>Sundry Debtors - Patients</PARTYLEDGERNAME>
        <ALLLEDGERENTRIES.LIST>
          <LEDGERNAME>Sundry Debtors - Patients</LEDGERNAME>
          <ISDEEMEDPOSITIVE>Yes</ISDEEMEDPOSITIVE>
          <AMOUNT>522</AMOUNT>
        </ALLLEDGERENTRIES.LIST>
        <ALLLEDGERENTRIES.LIST>
          <LEDGERNAME>Sales Account</LEDGERNAME>
          <ISDEEMEDPOSITIVE>No</ISDEEMEDPOSITIVE>
          <AMOUNT>-522</AMOUNT>
        </ALLLEDGERENTRIES.LIST>



      </VOUCHER>
    </TALLYMESSAGE>

    <TALLYMESSAGE xmlns:UDF="TallyUDF">
      <VOUCHER VCHTYPE="Sales" ACTION="Create">
        <DATE>20260416</DATE>
        <VOUCHERNUMBER>INV-43813430</VOUCHERNUMBER>
        <NARRATION>Sales Invoice - mahak jain</NARRATION>
        <VOUCHERTYPENAME>Sales</VOUCHERTYPENAME>
        <PARTYLEDGERNAME>Sundry Debtors - Patients</PARTYLEDGERNAME>
        <ALLLEDGERENTRIES.LIST>
          <LEDGERNAME>Sundry Debtors - Patients</LEDGERNAME>
          <ISDEEMEDPOSITIVE>Yes</ISDEEMEDPOSITIVE>
          <AMOUNT>400</AMOUNT>
        </ALLLEDGERENTRIES.LIST>
        <ALLLEDGERENTRIES.LIST>
          <LEDGERNAME>Sales Account</LEDGERNAME>
          <ISDEEMEDPOSITIVE>No</ISDEEMEDPOSITIVE>
          <AMOUNT>-400</AMOUNT>
        </ALLLEDGERENTRIES.LIST>



      </VOUCHER>
    </TALLYMESSAGE>

    <TALLYMESSAGE xmlns:UDF="TallyUDF">
      <VOUCHER VCHTYPE="Sales" ACTION="Create">
        <DATE>20260513</DATE>
        <VOUCHERNUMBER>INV-61515742</VOUCHERNUMBER>
        <NARRATION>Sales Invoice - Parikshit Sharma</NARRATION>
        <VOUCHERTYPENAME>Sales</VOUCHERTYPENAME>
        <PARTYLEDGERNAME>Sundry Debtors - Patients</PARTYLEDGERNAME>
        <ALLLEDGERENTRIES.LIST>
          <LEDGERNAME>Sundry Debtors - Patients</LEDGERNAME>
          <ISDEEMEDPOSITIVE>Yes</ISDEEMEDPOSITIVE>
          <AMOUNT>800</AMOUNT>
        </ALLLEDGERENTRIES.LIST>
        <ALLLEDGERENTRIES.LIST>
          <LEDGERNAME>Sales Account</LEDGERNAME>
          <ISDEEMEDPOSITIVE>No</ISDEEMEDPOSITIVE>
          <AMOUNT>-800</AMOUNT>
        </ALLLEDGERENTRIES.LIST>



      </VOUCHER>
    </TALLYMESSAGE>

    <TALLYMESSAGE xmlns:UDF="TallyUDF">
      <VOUCHER VCHTYPE="Sales" ACTION="Create">
        <DATE>20260423</DATE>
        <VOUCHERNUMBER>INV-45053528</VOUCHERNUMBER>
        <NARRATION>Sales Invoice - Parikshit Sharma</NARRATION>
        <VOUCHERTYPENAME>Sales</VOUCHERTYPENAME>
        <PARTYLEDGERNAME>Sundry Debtors - Patients</PARTYLEDGERNAME>
        <ALLLEDGERENTRIES.LIST>
          <LEDGERNAME>Sundry Debtors - Patients</LEDGERNAME>
          <ISDEEMEDPOSITIVE>Yes</ISDEEMEDPOSITIVE>
          <AMOUNT>2</AMOUNT>
        </ALLLEDGERENTRIES.LIST>
        <ALLLEDGERENTRIES.LIST>
          <LEDGERNAME>Sales Account</LEDGERNAME>
          <ISDEEMEDPOSITIVE>No</ISDEEMEDPOSITIVE>
          <AMOUNT>-2</AMOUNT>
        </ALLLEDGERENTRIES.LIST>



      </VOUCHER>
    </TALLYMESSAGE>

    <TALLYMESSAGE xmlns:UDF="TallyUDF">
      <VOUCHER VCHTYPE="Sales" ACTION="Create">
        <DATE>20260423</DATE>
        <VOUCHERNUMBER>INV-20260423-9992</VOUCHERNUMBER>
        <NARRATION>Sales Invoice - mahak jain</NARRATION>
        <VOUCHERTYPENAME>Sales</VOUCHERTYPENAME>
        <PARTYLEDGERNAME>Sundry Debtors - Patients</PARTYLEDGERNAME>
        <ALLLEDGERENTRIES.LIST>
          <LEDGERNAME>Sundry Debtors - Patients</LEDGERNAME>
          <ISDEEMEDPOSITIVE>Yes</ISDEEMEDPOSITIVE>
          <AMOUNT>500</AMOUNT>
        </ALLLEDGERENTRIES.LIST>
        <ALLLEDGERENTRIES.LIST>
          <LEDGERNAME>Sales Account</LEDGERNAME>
          <ISDEEMEDPOSITIVE>No</ISDEEMEDPOSITIVE>
          <AMOUNT>-500</AMOUNT>
        </ALLLEDGERENTRIES.LIST>



      </VOUCHER>
    </TALLYMESSAGE>

    <TALLYMESSAGE xmlns:UDF="TallyUDF">
      <VOUCHER VCHTYPE="Sales" ACTION="Create">
        <DATE>20260507</DATE>
        <VOUCHERNUMBER>INV-76413883</VOUCHERNUMBER>
        <NARRATION>Sales Invoice - kjkjkjkj</NARRATION>
        <VOUCHERTYPENAME>Sales</VOUCHERTYPENAME>
        <PARTYLEDGERNAME>Sundry Debtors - Patients</PARTYLEDGERNAME>
        <ALLLEDGERENTRIES.LIST>
          <LEDGERNAME>Sundry Debtors - Patients</LEDGERNAME>
          <ISDEEMEDPOSITIVE>Yes</ISDEEMEDPOSITIVE>
          <AMOUNT>0</AMOUNT>
        </ALLLEDGERENTRIES.LIST>
        <ALLLEDGERENTRIES.LIST>
          <LEDGERNAME>Sales Account</LEDGERNAME>
          <ISDEEMEDPOSITIVE>No</ISDEEMEDPOSITIVE>
          <AMOUNT>0</AMOUNT>
        </ALLLEDGERENTRIES.LIST>



      </VOUCHER>
    </TALLYMESSAGE>

    <TALLYMESSAGE xmlns:UDF="TallyUDF">
      <VOUCHER VCHTYPE="Sales" ACTION="Create">
        <DATE>20260508</DATE>
        <VOUCHERNUMBER>INV-20260508-5031</VOUCHERNUMBER>
        <NARRATION>Sales Invoice - mahak jain</NARRATION>
        <VOUCHERTYPENAME>Sales</VOUCHERTYPENAME>
        <PARTYLEDGERNAME>Sundry Debtors - Patients</PARTYLEDGERNAME>
        <ALLLEDGERENTRIES.LIST>
          <LEDGERNAME>Sundry Debtors - Patients</LEDGERNAME>
          <ISDEEMEDPOSITIVE>Yes</ISDEEMEDPOSITIVE>
          <AMOUNT>0</AMOUNT>
        </ALLLEDGERENTRIES.LIST>
        <ALLLEDGERENTRIES.LIST>
          <LEDGERNAME>Sales Account</LEDGERNAME>
          <ISDEEMEDPOSITIVE>No</ISDEEMEDPOSITIVE>
          <AMOUNT>0</AMOUNT>
        </ALLLEDGERENTRIES.LIST>



      </VOUCHER>
    </TALLYMESSAGE>

    <TALLYMESSAGE xmlns:UDF="TallyUDF">
      <VOUCHER VCHTYPE="Sales" ACTION="Create">
        <DATE>20260514</DATE>
        <VOUCHERNUMBER>INV-20260514-2683</VOUCHERNUMBER>
        <NARRATION>Sales Invoice - Mahika</NARRATION>
        <VOUCHERTYPENAME>Sales</VOUCHERTYPENAME>
        <PARTYLEDGERNAME>Sundry Debtors - Patients</PARTYLEDGERNAME>
        <ALLLEDGERENTRIES.LIST>
          <LEDGERNAME>Sundry Debtors - Patients</LEDGERNAME>
          <ISDEEMEDPOSITIVE>Yes</ISDEEMEDPOSITIVE>
          <AMOUNT>3100</AMOUNT>
        </ALLLEDGERENTRIES.LIST>
        <ALLLEDGERENTRIES.LIST>
          <LEDGERNAME>Sales Account</LEDGERNAME>
          <ISDEEMEDPOSITIVE>No</ISDEEMEDPOSITIVE>
          <AMOUNT>-2953.8500000000004</AMOUNT>
        </ALLLEDGERENTRIES.LIST>
        <ALLLEDGERENTRIES.LIST>
          <LEDGERNAME>CGST Payable</LEDGERNAME>
          <ISDEEMEDPOSITIVE>No</ISDEEMEDPOSITIVE>
          <AMOUNT>-73.075</AMOUNT>
        </ALLLEDGERENTRIES.LIST>
        <ALLLEDGERENTRIES.LIST>
          <LEDGERNAME>SGST Payable</LEDGERNAME>
          <ISDEEMEDPOSITIVE>No</ISDEEMEDPOSITIVE>
          <AMOUNT>-73.075</AMOUNT>
        </ALLLEDGERENTRIES.LIST>

      </VOUCHER>
    </TALLYMESSAGE>

    <TALLYMESSAGE xmlns:UDF="TallyUDF">
      <VOUCHER VCHTYPE="Sales" ACTION="Create">
        <DATE>20260416</DATE>
        <VOUCHERNUMBER>INV-20260416-5108</VOUCHERNUMBER>
        <NARRATION>Sales Invoice - parikshit</NARRATION>
        <VOUCHERTYPENAME>Sales</VOUCHERTYPENAME>
        <PARTYLEDGERNAME>Sundry Debtors - Patients</PARTYLEDGERNAME>
        <ALLLEDGERENTRIES.LIST>
          <LEDGERNAME>Sundry Debtors - Patients</LEDGERNAME>
          <ISDEEMEDPOSITIVE>Yes</ISDEEMEDPOSITIVE>
          <AMOUNT>11500</AMOUNT>
        </ALLLEDGERENTRIES.LIST>
        <ALLLEDGERENTRIES.LIST>
          <LEDGERNAME>Sales Account</LEDGERNAME>
          <ISDEEMEDPOSITIVE>No</ISDEEMEDPOSITIVE>
          <AMOUNT>-11500</AMOUNT>
        </ALLLEDGERENTRIES.LIST>



      </VOUCHER>
    </TALLYMESSAGE>

    <TALLYMESSAGE xmlns:UDF="TallyUDF">
      <VOUCHER VCHTYPE="Sales" ACTION="Create">
        <DATE>20260511</DATE>
        <VOUCHERNUMBER>INV-11525025</VOUCHERNUMBER>
        <NARRATION>Sales Invoice - Rahul</NARRATION>
        <VOUCHERTYPENAME>Sales</VOUCHERTYPENAME>
        <PARTYLEDGERNAME>Sundry Debtors - Patients</PARTYLEDGERNAME>
        <ALLLEDGERENTRIES.LIST>
          <LEDGERNAME>Sundry Debtors - Patients</LEDGERNAME>
          <ISDEEMEDPOSITIVE>Yes</ISDEEMEDPOSITIVE>
          <AMOUNT>6088</AMOUNT>
        </ALLLEDGERENTRIES.LIST>
        <ALLLEDGERENTRIES.LIST>
          <LEDGERNAME>Sales Account</LEDGERNAME>
          <ISDEEMEDPOSITIVE>No</ISDEEMEDPOSITIVE>
          <AMOUNT>-6088</AMOUNT>
        </ALLLEDGERENTRIES.LIST>



      </VOUCHER>
    </TALLYMESSAGE>

    <TALLYMESSAGE xmlns:UDF="TallyUDF">
      <VOUCHER VCHTYPE="Sales" ACTION="Create">
        <DATE>20260511</DATE>
        <VOUCHERNUMBER>INV-11857492</VOUCHERNUMBER>
        <NARRATION>Sales Invoice - Mahika</NARRATION>
        <VOUCHERTYPENAME>Sales</VOUCHERTYPENAME>
        <PARTYLEDGERNAME>Sundry Debtors - Patients</PARTYLEDGERNAME>
        <ALLLEDGERENTRIES.LIST>
          <LEDGERNAME>Sundry Debtors - Patients</LEDGERNAME>
          <ISDEEMEDPOSITIVE>Yes</ISDEEMEDPOSITIVE>
          <AMOUNT>6088</AMOUNT>
        </ALLLEDGERENTRIES.LIST>
        <ALLLEDGERENTRIES.LIST>
          <LEDGERNAME>Sales Account</LEDGERNAME>
          <ISDEEMEDPOSITIVE>No</ISDEEMEDPOSITIVE>
          <AMOUNT>-6088</AMOUNT>
        </ALLLEDGERENTRIES.LIST>



      </VOUCHER>
    </TALLYMESSAGE>

    <TALLYMESSAGE xmlns:UDF="TallyUDF">
      <VOUCHER VCHTYPE="Sales" ACTION="Create">
        <DATE>20260509</DATE>
        <VOUCHERNUMBER>INV-20260509-1714</VOUCHERNUMBER>
        <NARRATION>Sales Invoice - Rahul</NARRATION>
        <VOUCHERTYPENAME>Sales</VOUCHERTYPENAME>
        <PARTYLEDGERNAME>Sundry Debtors - Patients</PARTYLEDGERNAME>
        <ALLLEDGERENTRIES.LIST>
          <LEDGERNAME>Sundry Debtors - Patients</LEDGERNAME>
          <ISDEEMEDPOSITIVE>Yes</ISDEEMEDPOSITIVE>
          <AMOUNT>500</AMOUNT>
        </ALLLEDGERENTRIES.LIST>
        <ALLLEDGERENTRIES.LIST>
          <LEDGERNAME>Sales Account</LEDGERNAME>
          <ISDEEMEDPOSITIVE>No</ISDEEMEDPOSITIVE>
          <AMOUNT>-500</AMOUNT>
        </ALLLEDGERENTRIES.LIST>



      </VOUCHER>
    </TALLYMESSAGE>

    <TALLYMESSAGE xmlns:UDF="TallyUDF">
      <VOUCHER VCHTYPE="Sales" ACTION="Create">
        <DATE>20260511</DATE>
        <VOUCHERNUMBER>INV-20260511-3916</VOUCHERNUMBER>
        <NARRATION>Sales Invoice - Rohan</NARRATION>
        <VOUCHERTYPENAME>Sales</VOUCHERTYPENAME>
        <PARTYLEDGERNAME>Sundry Debtors - Patients</PARTYLEDGERNAME>
        <ALLLEDGERENTRIES.LIST>
          <LEDGERNAME>Sundry Debtors - Patients</LEDGERNAME>
          <ISDEEMEDPOSITIVE>Yes</ISDEEMEDPOSITIVE>
          <AMOUNT>500</AMOUNT>
        </ALLLEDGERENTRIES.LIST>
        <ALLLEDGERENTRIES.LIST>
          <LEDGERNAME>Sales Account</LEDGERNAME>
          <ISDEEMEDPOSITIVE>No</ISDEEMEDPOSITIVE>
          <AMOUNT>-500</AMOUNT>
        </ALLLEDGERENTRIES.LIST>



      </VOUCHER>
    </TALLYMESSAGE>

    <TALLYMESSAGE xmlns:UDF="TallyUDF">
      <VOUCHER VCHTYPE="Sales" ACTION="Create">
        <DATE>20260513</DATE>
        <VOUCHERNUMBER>INV-20260512-9125</VOUCHERNUMBER>
        <NARRATION>Sales Invoice - Rohan</NARRATION>
        <VOUCHERTYPENAME>Sales</VOUCHERTYPENAME>
        <PARTYLEDGERNAME>Sundry Debtors - Patients</PARTYLEDGERNAME>
        <ALLLEDGERENTRIES.LIST>
          <LEDGERNAME>Sundry Debtors - Patients</LEDGERNAME>
          <ISDEEMEDPOSITIVE>Yes</ISDEEMEDPOSITIVE>
          <AMOUNT>1500</AMOUNT>
        </ALLLEDGERENTRIES.LIST>
        <ALLLEDGERENTRIES.LIST>
          <LEDGERNAME>Sales Account</LEDGERNAME>
          <ISDEEMEDPOSITIVE>No</ISDEEMEDPOSITIVE>
          <AMOUNT>-1500</AMOUNT>
        </ALLLEDGERENTRIES.LIST>



      </VOUCHER>
    </TALLYMESSAGE>

    <TALLYMESSAGE xmlns:UDF="TallyUDF">
      <VOUCHER VCHTYPE="Sales" ACTION="Create">
        <DATE>20260509</DATE>
        <VOUCHERNUMBER>INV-20260509-4812</VOUCHERNUMBER>
        <NARRATION>Sales Invoice - Mahika</NARRATION>
        <VOUCHERTYPENAME>Sales</VOUCHERTYPENAME>
        <PARTYLEDGERNAME>Sundry Debtors - Patients</PARTYLEDGERNAME>
        <ALLLEDGERENTRIES.LIST>
          <LEDGERNAME>Sundry Debtors - Patients</LEDGERNAME>
          <ISDEEMEDPOSITIVE>Yes</ISDEEMEDPOSITIVE>
          <AMOUNT>500</AMOUNT>
        </ALLLEDGERENTRIES.LIST>
        <ALLLEDGERENTRIES.LIST>
          <LEDGERNAME>Sales Account</LEDGERNAME>
          <ISDEEMEDPOSITIVE>No</ISDEEMEDPOSITIVE>
          <AMOUNT>-500</AMOUNT>
        </ALLLEDGERENTRIES.LIST>



      </VOUCHER>
    </TALLYMESSAGE>

    <TALLYMESSAGE xmlns:UDF="TallyUDF">
      <VOUCHER VCHTYPE="Sales" ACTION="Create">
        <DATE>20260513</DATE>
        <VOUCHERNUMBER>INV-71551834</VOUCHERNUMBER>
        <NARRATION>Sales Invoice - vinay</NARRATION>
        <VOUCHERTYPENAME>Sales</VOUCHERTYPENAME>
        <PARTYLEDGERNAME>Sundry Debtors - Patients</PARTYLEDGERNAME>
        <ALLLEDGERENTRIES.LIST>
          <LEDGERNAME>Sundry Debtors - Patients</LEDGERNAME>
          <ISDEEMEDPOSITIVE>Yes</ISDEEMEDPOSITIVE>
          <AMOUNT>300</AMOUNT>
        </ALLLEDGERENTRIES.LIST>
        <ALLLEDGERENTRIES.LIST>
          <LEDGERNAME>Sales Account</LEDGERNAME>
          <ISDEEMEDPOSITIVE>No</ISDEEMEDPOSITIVE>
          <AMOUNT>-300</AMOUNT>
        </ALLLEDGERENTRIES.LIST>



      </VOUCHER>
    </TALLYMESSAGE>

    <TALLYMESSAGE xmlns:UDF="TallyUDF">
      <VOUCHER VCHTYPE="Sales" ACTION="Create">
        <DATE>20260514</DATE>
        <VOUCHERNUMBER>PINV-20260514-7246</VOUCHERNUMBER>
        <NARRATION>Sales Invoice - Walk-in Patient (OTC)</NARRATION>
        <VOUCHERTYPENAME>Sales</VOUCHERTYPENAME>
        <PARTYLEDGERNAME>Sundry Debtors - Patients</PARTYLEDGERNAME>
        <ALLLEDGERENTRIES.LIST>
          <LEDGERNAME>Sundry Debtors - Patients</LEDGERNAME>
          <ISDEEMEDPOSITIVE>Yes</ISDEEMEDPOSITIVE>
          <AMOUNT>40</AMOUNT>
        </ALLLEDGERENTRIES.LIST>
        <ALLLEDGERENTRIES.LIST>
          <LEDGERNAME>Sales Account</LEDGERNAME>
          <ISDEEMEDPOSITIVE>No</ISDEEMEDPOSITIVE>
          <AMOUNT>-40</AMOUNT>
        </ALLLEDGERENTRIES.LIST>



      </VOUCHER>
    </TALLYMESSAGE>

    <TALLYMESSAGE xmlns:UDF="TallyUDF">
      <VOUCHER VCHTYPE="Sales" ACTION="Create">
        <DATE>20260508</DATE>
        <VOUCHERNUMBER>INV-20260508-9023</VOUCHERNUMBER>
        <NARRATION>Sales Invoice - mahak jain</NARRATION>
        <VOUCHERTYPENAME>Sales</VOUCHERTYPENAME>
        <PARTYLEDGERNAME>Sundry Debtors - Patients</PARTYLEDGERNAME>
        <ALLLEDGERENTRIES.LIST>
          <LEDGERNAME>Sundry Debtors - Patients</LEDGERNAME>
          <ISDEEMEDPOSITIVE>Yes</ISDEEMEDPOSITIVE>
          <AMOUNT>6200</AMOUNT>
        </ALLLEDGERENTRIES.LIST>
        <ALLLEDGERENTRIES.LIST>
          <LEDGERNAME>Sales Account</LEDGERNAME>
          <ISDEEMEDPOSITIVE>No</ISDEEMEDPOSITIVE>
          <AMOUNT>-6200</AMOUNT>
        </ALLLEDGERENTRIES.LIST>



      </VOUCHER>
    </TALLYMESSAGE>

    <TALLYMESSAGE xmlns:UDF="TallyUDF">
      <VOUCHER VCHTYPE="Sales" ACTION="Create">
        <DATE>20260514</DATE>
        <VOUCHERNUMBER>INV-20260514-4211</VOUCHERNUMBER>
        <NARRATION>Sales Invoice - Unknown Male ~43</NARRATION>
        <VOUCHERTYPENAME>Sales</VOUCHERTYPENAME>
        <PARTYLEDGERNAME>Sundry Debtors - Patients</PARTYLEDGERNAME>
        <ALLLEDGERENTRIES.LIST>
          <LEDGERNAME>Sundry Debtors - Patients</LEDGERNAME>
          <ISDEEMEDPOSITIVE>Yes</ISDEEMEDPOSITIVE>
          <AMOUNT>500</AMOUNT>
        </ALLLEDGERENTRIES.LIST>
        <ALLLEDGERENTRIES.LIST>
          <LEDGERNAME>Sales Account</LEDGERNAME>
          <ISDEEMEDPOSITIVE>No</ISDEEMEDPOSITIVE>
          <AMOUNT>-500</AMOUNT>
        </ALLLEDGERENTRIES.LIST>



      </VOUCHER>
    </TALLYMESSAGE>

    <TALLYMESSAGE xmlns:UDF="TallyUDF">
      <VOUCHER VCHTYPE="Sales" ACTION="Create">
        <DATE>20260514</DATE>
        <VOUCHERNUMBER>INV-20260514-2702</VOUCHERNUMBER>
        <NARRATION>Sales Invoice - akshay</NARRATION>
        <VOUCHERTYPENAME>Sales</VOUCHERTYPENAME>
        <PARTYLEDGERNAME>Sundry Debtors - Patients</PARTYLEDGERNAME>
        <ALLLEDGERENTRIES.LIST>
          <LEDGERNAME>Sundry Debtors - Patients</LEDGERNAME>
          <ISDEEMEDPOSITIVE>Yes</ISDEEMEDPOSITIVE>
          <AMOUNT>0</AMOUNT>
        </ALLLEDGERENTRIES.LIST>
        <ALLLEDGERENTRIES.LIST>
          <LEDGERNAME>Sales Account</LEDGERNAME>
          <ISDEEMEDPOSITIVE>No</ISDEEMEDPOSITIVE>
          <AMOUNT>0</AMOUNT>
        </ALLLEDGERENTRIES.LIST>



      </VOUCHER>
    </TALLYMESSAGE>

    <TALLYMESSAGE xmlns:UDF="TallyUDF">
      <VOUCHER VCHTYPE="Sales" ACTION="Create">
        <DATE>20260514</DATE>
        <VOUCHERNUMBER>INV-20260514-6995</VOUCHERNUMBER>
        <NARRATION>Sales Invoice - akshay</NARRATION>
        <VOUCHERTYPENAME>Sales</VOUCHERTYPENAME>
        <PARTYLEDGERNAME>Sundry Debtors - Patients</PARTYLEDGERNAME>
        <ALLLEDGERENTRIES.LIST>
          <LEDGERNAME>Sundry Debtors - Patients</LEDGERNAME>
          <ISDEEMEDPOSITIVE>Yes</ISDEEMEDPOSITIVE>
          <AMOUNT>0</AMOUNT>
        </ALLLEDGERENTRIES.LIST>
        <ALLLEDGERENTRIES.LIST>
          <LEDGERNAME>Sales Account</LEDGERNAME>
          <ISDEEMEDPOSITIVE>No</ISDEEMEDPOSITIVE>
          <AMOUNT>0</AMOUNT>
        </ALLLEDGERENTRIES.LIST>



      </VOUCHER>
    </TALLYMESSAGE>

    <TALLYMESSAGE xmlns:UDF="TallyUDF">
      <VOUCHER VCHTYPE="Sales" ACTION="Create">
        <DATE>20260514</DATE>
        <VOUCHERNUMBER>INV-20260514-5228</VOUCHERNUMBER>
        <NARRATION>Sales Invoice - sagar</NARRATION>
        <VOUCHERTYPENAME>Sales</VOUCHERTYPENAME>
        <PARTYLEDGERNAME>Sundry Debtors - Patients</PARTYLEDGERNAME>
        <ALLLEDGERENTRIES.LIST>
          <LEDGERNAME>Sundry Debtors - Patients</LEDGERNAME>
          <ISDEEMEDPOSITIVE>Yes</ISDEEMEDPOSITIVE>
          <AMOUNT>100</AMOUNT>
        </ALLLEDGERENTRIES.LIST>
        <ALLLEDGERENTRIES.LIST>
          <LEDGERNAME>Sales Account</LEDGERNAME>
          <ISDEEMEDPOSITIVE>No</ISDEEMEDPOSITIVE>
          <AMOUNT>-100</AMOUNT>
        </ALLLEDGERENTRIES.LIST>



      </VOUCHER>
    </TALLYMESSAGE>

    <TALLYMESSAGE xmlns:UDF="TallyUDF">
      <VOUCHER VCHTYPE="Sales" ACTION="Create">
        <DATE>20260514</DATE>
        <VOUCHERNUMBER>INV-55755635</VOUCHERNUMBER>
        <NARRATION>Sales Invoice - sagar</NARRATION>
        <VOUCHERTYPENAME>Sales</VOUCHERTYPENAME>
        <PARTYLEDGERNAME>Sundry Debtors - Patients</PARTYLEDGERNAME>
        <ALLLEDGERENTRIES.LIST>
          <LEDGERNAME>Sundry Debtors - Patients</LEDGERNAME>
          <ISDEEMEDPOSITIVE>Yes</ISDEEMEDPOSITIVE>
          <AMOUNT>500</AMOUNT>
        </ALLLEDGERENTRIES.LIST>
        <ALLLEDGERENTRIES.LIST>
          <LEDGERNAME>Sales Account</LEDGERNAME>
          <ISDEEMEDPOSITIVE>No</ISDEEMEDPOSITIVE>
          <AMOUNT>-500</AMOUNT>
        </ALLLEDGERENTRIES.LIST>



      </VOUCHER>
    </TALLYMESSAGE>

    <TALLYMESSAGE xmlns:UDF="TallyUDF">
      <VOUCHER VCHTYPE="Sales" ACTION="Create">
        <DATE>20260513</DATE>
        <VOUCHERNUMBER>INV-20260513-3287</VOUCHERNUMBER>
        <NARRATION>Sales Invoice - Vinay Vinay</NARRATION>
        <VOUCHERTYPENAME>Sales</VOUCHERTYPENAME>
        <PARTYLEDGERNAME>Sundry Debtors - Patients</PARTYLEDGERNAME>
        <ALLLEDGERENTRIES.LIST>
          <LEDGERNAME>Sundry Debtors - Patients</LEDGERNAME>
          <ISDEEMEDPOSITIVE>Yes</ISDEEMEDPOSITIVE>
          <AMOUNT>1500</AMOUNT>
        </ALLLEDGERENTRIES.LIST>
        <ALLLEDGERENTRIES.LIST>
          <LEDGERNAME>Sales Account</LEDGERNAME>
          <ISDEEMEDPOSITIVE>No</ISDEEMEDPOSITIVE>
          <AMOUNT>-1500</AMOUNT>
        </ALLLEDGERENTRIES.LIST>



      </VOUCHER>
    </TALLYMESSAGE>

    <TALLYMESSAGE xmlns:UDF="TallyUDF">
      <VOUCHER VCHTYPE="Sales" ACTION="Create">
        <DATE>20260514</DATE>
        <VOUCHERNUMBER>INV-20260514-5030</VOUCHERNUMBER>
        <NARRATION>Sales Invoice - akshay</NARRATION>
        <VOUCHERTYPENAME>Sales</VOUCHERTYPENAME>
        <PARTYLEDGERNAME>Sundry Debtors - Patients</PARTYLEDGERNAME>
        <ALLLEDGERENTRIES.LIST>
          <LEDGERNAME>Sundry Debtors - Patients</LEDGERNAME>
          <ISDEEMEDPOSITIVE>Yes</ISDEEMEDPOSITIVE>
          <AMOUNT>0</AMOUNT>
        </ALLLEDGERENTRIES.LIST>
        <ALLLEDGERENTRIES.LIST>
          <LEDGERNAME>Sales Account</LEDGERNAME>
          <ISDEEMEDPOSITIVE>No</ISDEEMEDPOSITIVE>
          <AMOUNT>0</AMOUNT>
        </ALLLEDGERENTRIES.LIST>



      </VOUCHER>
    </TALLYMESSAGE>

    <TALLYMESSAGE xmlns:UDF="TallyUDF">
      <VOUCHER VCHTYPE="Sales" ACTION="Create">
        <DATE>20260509</DATE>
        <VOUCHERNUMBER>INV-20260509-0591</VOUCHERNUMBER>
        <NARRATION>Sales Invoice - Parikshit Sharma</NARRATION>
        <VOUCHERTYPENAME>Sales</VOUCHERTYPENAME>
        <PARTYLEDGERNAME>Sundry Debtors - Patients</PARTYLEDGERNAME>
        <ALLLEDGERENTRIES.LIST>
          <LEDGERNAME>Sundry Debtors - Patients</LEDGERNAME>
          <ISDEEMEDPOSITIVE>Yes</ISDEEMEDPOSITIVE>
          <AMOUNT>150</AMOUNT>
        </ALLLEDGERENTRIES.LIST>
        <ALLLEDGERENTRIES.LIST>
          <LEDGERNAME>Sales Account</LEDGERNAME>
          <ISDEEMEDPOSITIVE>No</ISDEEMEDPOSITIVE>
          <AMOUNT>-150</AMOUNT>
        </ALLLEDGERENTRIES.LIST>



      </VOUCHER>
    </TALLYMESSAGE>

    <TALLYMESSAGE xmlns:UDF="TallyUDF">
      <VOUCHER VCHTYPE="Sales" ACTION="Create">
        <DATE>20260514</DATE>
        <VOUCHERNUMBER>INV-20260514-0706</VOUCHERNUMBER>
        <NARRATION>Sales Invoice - akshay</NARRATION>
        <VOUCHERTYPENAME>Sales</VOUCHERTYPENAME>
        <PARTYLEDGERNAME>Sundry Debtors - Patients</PARTYLEDGERNAME>
        <ALLLEDGERENTRIES.LIST>
          <LEDGERNAME>Sundry Debtors - Patients</LEDGERNAME>
          <ISDEEMEDPOSITIVE>Yes</ISDEEMEDPOSITIVE>
          <AMOUNT>49200</AMOUNT>
        </ALLLEDGERENTRIES.LIST>
        <ALLLEDGERENTRIES.LIST>
          <LEDGERNAME>Sales Account</LEDGERNAME>
          <ISDEEMEDPOSITIVE>No</ISDEEMEDPOSITIVE>
          <AMOUNT>-48903.3</AMOUNT>
        </ALLLEDGERENTRIES.LIST>
        <ALLLEDGERENTRIES.LIST>
          <LEDGERNAME>CGST Payable</LEDGERNAME>
          <ISDEEMEDPOSITIVE>No</ISDEEMEDPOSITIVE>
          <AMOUNT>-148.35</AMOUNT>
        </ALLLEDGERENTRIES.LIST>
        <ALLLEDGERENTRIES.LIST>
          <LEDGERNAME>SGST Payable</LEDGERNAME>
          <ISDEEMEDPOSITIVE>No</ISDEEMEDPOSITIVE>
          <AMOUNT>-148.35</AMOUNT>
        </ALLLEDGERENTRIES.LIST>

      </VOUCHER>
    </TALLYMESSAGE>

    <TALLYMESSAGE xmlns:UDF="TallyUDF">
      <VOUCHER VCHTYPE="Sales" ACTION="Create">
        <DATE>20260514</DATE>
        <VOUCHERNUMBER>PINV-20260514-2721</VOUCHERNUMBER>
        <NARRATION>Sales Invoice - Mahika</NARRATION>
        <VOUCHERTYPENAME>Sales</VOUCHERTYPENAME>
        <PARTYLEDGERNAME>Sundry Debtors - Patients</PARTYLEDGERNAME>
        <ALLLEDGERENTRIES.LIST>
          <LEDGERNAME>Sundry Debtors - Patients</LEDGERNAME>
          <ISDEEMEDPOSITIVE>Yes</ISDEEMEDPOSITIVE>
          <AMOUNT>8</AMOUNT>
        </ALLLEDGERENTRIES.LIST>
        <ALLLEDGERENTRIES.LIST>
          <LEDGERNAME>Sales Account</LEDGERNAME>
          <ISDEEMEDPOSITIVE>No</ISDEEMEDPOSITIVE>
          <AMOUNT>-8</AMOUNT>
        </ALLLEDGERENTRIES.LIST>



      </VOUCHER>
    </TALLYMESSAGE>

    <TALLYMESSAGE xmlns:UDF="TallyUDF">
      <VOUCHER VCHTYPE="Sales" ACTION="Create">
        <DATE>20260514</DATE>
        <VOUCHERNUMBER>INV-20260514-5873</VOUCHERNUMBER>
        <NARRATION>Sales Invoice - Mahika</NARRATION>
        <VOUCHERTYPENAME>Sales</VOUCHERTYPENAME>
        <PARTYLEDGERNAME>Sundry Debtors - Patients</PARTYLEDGERNAME>
        <ALLLEDGERENTRIES.LIST>
          <LEDGERNAME>Sundry Debtors - Patients</LEDGERNAME>
          <ISDEEMEDPOSITIVE>Yes</ISDEEMEDPOSITIVE>
          <AMOUNT>25800</AMOUNT>
        </ALLLEDGERENTRIES.LIST>
        <ALLLEDGERENTRIES.LIST>
          <LEDGERNAME>Sales Account</LEDGERNAME>
          <ISDEEMEDPOSITIVE>No</ISDEEMEDPOSITIVE>
          <AMOUNT>-25800</AMOUNT>
        </ALLLEDGERENTRIES.LIST>



      </VOUCHER>
    </TALLYMESSAGE>

    <TALLYMESSAGE xmlns:UDF="TallyUDF">
      <VOUCHER VCHTYPE="Sales" ACTION="Create">
        <DATE>20260515</DATE>
        <VOUCHERNUMBER>INV-37698347</VOUCHERNUMBER>
        <NARRATION>Sales Invoice - Vinay Vinay</NARRATION>
        <VOUCHERTYPENAME>Sales</VOUCHERTYPENAME>
        <PARTYLEDGERNAME>Sundry Debtors - Patients</PARTYLEDGERNAME>
        <ALLLEDGERENTRIES.LIST>
          <LEDGERNAME>Sundry Debtors - Patients</LEDGERNAME>
          <ISDEEMEDPOSITIVE>Yes</ISDEEMEDPOSITIVE>
          <AMOUNT>250</AMOUNT>
        </ALLLEDGERENTRIES.LIST>
        <ALLLEDGERENTRIES.LIST>
          <LEDGERNAME>Sales Account</LEDGERNAME>
          <ISDEEMEDPOSITIVE>No</ISDEEMEDPOSITIVE>
          <AMOUNT>-250</AMOUNT>
        </ALLLEDGERENTRIES.LIST>



      </VOUCHER>
    </TALLYMESSAGE>

    <TALLYMESSAGE xmlns:UDF="TallyUDF">
      <VOUCHER VCHTYPE="Sales" ACTION="Create">
        <DATE>20260515</DATE>
        <VOUCHERNUMBER>INV-37941152</VOUCHERNUMBER>
        <NARRATION>Sales Invoice - Vinay Vinay</NARRATION>
        <VOUCHERTYPENAME>Sales</VOUCHERTYPENAME>
        <PARTYLEDGERNAME>Sundry Debtors - Patients</PARTYLEDGERNAME>
        <ALLLEDGERENTRIES.LIST>
          <LEDGERNAME>Sundry Debtors - Patients</LEDGERNAME>
          <ISDEEMEDPOSITIVE>Yes</ISDEEMEDPOSITIVE>
          <AMOUNT>500</AMOUNT>
        </ALLLEDGERENTRIES.LIST>
        <ALLLEDGERENTRIES.LIST>
          <LEDGERNAME>Sales Account</LEDGERNAME>
          <ISDEEMEDPOSITIVE>No</ISDEEMEDPOSITIVE>
          <AMOUNT>-500</AMOUNT>
        </ALLLEDGERENTRIES.LIST>



      </VOUCHER>
    </TALLYMESSAGE>

    <TALLYMESSAGE xmlns:UDF="TallyUDF">
      <VOUCHER VCHTYPE="Sales" ACTION="Create">
        <DATE>20260515</DATE>
        <VOUCHERNUMBER>INV-39533474</VOUCHERNUMBER>
        <NARRATION>Sales Invoice - Vinay Vinay</NARRATION>
        <VOUCHERTYPENAME>Sales</VOUCHERTYPENAME>
        <PARTYLEDGERNAME>Sundry Debtors - Patients</PARTYLEDGERNAME>
        <ALLLEDGERENTRIES.LIST>
          <LEDGERNAME>Sundry Debtors - Patients</LEDGERNAME>
          <ISDEEMEDPOSITIVE>Yes</ISDEEMEDPOSITIVE>
          <AMOUNT>500</AMOUNT>
        </ALLLEDGERENTRIES.LIST>
        <ALLLEDGERENTRIES.LIST>
          <LEDGERNAME>Sales Account</LEDGERNAME>
          <ISDEEMEDPOSITIVE>No</ISDEEMEDPOSITIVE>
          <AMOUNT>-500</AMOUNT>
        </ALLLEDGERENTRIES.LIST>



      </VOUCHER>
    </TALLYMESSAGE>

    <TALLYMESSAGE xmlns:UDF="TallyUDF">
      <VOUCHER VCHTYPE="Sales" ACTION="Create">
        <DATE>20260520</DATE>
        <VOUCHERNUMBER>IPD-EMRG-00050</VOUCHERNUMBER>
        <NARRATION>Sales Invoice - Mannu</NARRATION>
        <VOUCHERTYPENAME>Sales</VOUCHERTYPENAME>
        <PARTYLEDGERNAME>Sundry Debtors - Patients</PARTYLEDGERNAME>
        <ALLLEDGERENTRIES.LIST>
          <LEDGERNAME>Sundry Debtors - Patients</LEDGERNAME>
          <ISDEEMEDPOSITIVE>Yes</ISDEEMEDPOSITIVE>
          <AMOUNT>1400</AMOUNT>
        </ALLLEDGERENTRIES.LIST>
        <ALLLEDGERENTRIES.LIST>
          <LEDGERNAME>Sales Account</LEDGERNAME>
          <ISDEEMEDPOSITIVE>No</ISDEEMEDPOSITIVE>
          <AMOUNT>-1400</AMOUNT>
        </ALLLEDGERENTRIES.LIST>



      </VOUCHER>
    </TALLYMESSAGE>

    <TALLYMESSAGE xmlns:UDF="TallyUDF">
      <VOUCHER VCHTYPE="Sales" ACTION="Create">
        <DATE>20260519</DATE>
        <VOUCHERNUMBER>INV-86358060</VOUCHERNUMBER>
        <NARRATION>Sales Invoice - Mahika</NARRATION>
        <VOUCHERTYPENAME>Sales</VOUCHERTYPENAME>
        <PARTYLEDGERNAME>Sundry Debtors - Patients</PARTYLEDGERNAME>
        <ALLLEDGERENTRIES.LIST>
          <LEDGERNAME>Sundry Debtors - Patients</LEDGERNAME>
          <ISDEEMEDPOSITIVE>Yes</ISDEEMEDPOSITIVE>
          <AMOUNT>0</AMOUNT>
        </ALLLEDGERENTRIES.LIST>
        <ALLLEDGERENTRIES.LIST>
          <LEDGERNAME>Sales Account</LEDGERNAME>
          <ISDEEMEDPOSITIVE>No</ISDEEMEDPOSITIVE>
          <AMOUNT>0</AMOUNT>
        </ALLLEDGERENTRIES.LIST>



      </VOUCHER>
    </TALLYMESSAGE>

    <TALLYMESSAGE xmlns:UDF="TallyUDF">
      <VOUCHER VCHTYPE="Sales" ACTION="Create">
        <DATE>20260519</DATE>
        <VOUCHERNUMBER>INV-86897975</VOUCHERNUMBER>
        <NARRATION>Sales Invoice - vinay</NARRATION>
        <VOUCHERTYPENAME>Sales</VOUCHERTYPENAME>
        <PARTYLEDGERNAME>Sundry Debtors - Patients</PARTYLEDGERNAME>
        <ALLLEDGERENTRIES.LIST>
          <LEDGERNAME>Sundry Debtors - Patients</LEDGERNAME>
          <ISDEEMEDPOSITIVE>Yes</ISDEEMEDPOSITIVE>
          <AMOUNT>500</AMOUNT>
        </ALLLEDGERENTRIES.LIST>
        <ALLLEDGERENTRIES.LIST>
          <LEDGERNAME>Sales Account</LEDGERNAME>
          <ISDEEMEDPOSITIVE>No</ISDEEMEDPOSITIVE>
          <AMOUNT>-500</AMOUNT>
        </ALLLEDGERENTRIES.LIST>



      </VOUCHER>
    </TALLYMESSAGE>

    <TALLYMESSAGE xmlns:UDF="TallyUDF">
      <VOUCHER VCHTYPE="Sales" ACTION="Create">
        <DATE>20260519</DATE>
        <VOUCHERNUMBER>INV-86983601</VOUCHERNUMBER>
        <NARRATION>Sales Invoice - Mahika</NARRATION>
        <VOUCHERTYPENAME>Sales</VOUCHERTYPENAME>
        <PARTYLEDGERNAME>Sundry Debtors - Patients</PARTYLEDGERNAME>
        <ALLLEDGERENTRIES.LIST>
          <LEDGERNAME>Sundry Debtors - Patients</LEDGERNAME>
          <ISDEEMEDPOSITIVE>Yes</ISDEEMEDPOSITIVE>
          <AMOUNT>500</AMOUNT>
        </ALLLEDGERENTRIES.LIST>
        <ALLLEDGERENTRIES.LIST>
          <LEDGERNAME>Sales Account</LEDGERNAME>
          <ISDEEMEDPOSITIVE>No</ISDEEMEDPOSITIVE>
          <AMOUNT>-500</AMOUNT>
        </ALLLEDGERENTRIES.LIST>



      </VOUCHER>
    </TALLYMESSAGE>

    <TALLYMESSAGE xmlns:UDF="TallyUDF">
      <VOUCHER VCHTYPE="Sales" ACTION="Create">
        <DATE>20260520</DATE>
        <VOUCHERNUMBER>INV-20260519-2753</VOUCHERNUMBER>
        <NARRATION>Sales Invoice - Parikshit Sharma</NARRATION>
        <VOUCHERTYPENAME>Sales</VOUCHERTYPENAME>
        <PARTYLEDGERNAME>Sundry Debtors - Patients</PARTYLEDGERNAME>
        <ALLLEDGERENTRIES.LIST>
          <LEDGERNAME>Sundry Debtors - Patients</LEDGERNAME>
          <ISDEEMEDPOSITIVE>Yes</ISDEEMEDPOSITIVE>
          <AMOUNT>150</AMOUNT>
        </ALLLEDGERENTRIES.LIST>
        <ALLLEDGERENTRIES.LIST>
          <LEDGERNAME>Sales Account</LEDGERNAME>
          <ISDEEMEDPOSITIVE>No</ISDEEMEDPOSITIVE>
          <AMOUNT>-150</AMOUNT>
        </ALLLEDGERENTRIES.LIST>



      </VOUCHER>
    </TALLYMESSAGE>

    <TALLYMESSAGE xmlns:UDF="TallyUDF">
      <VOUCHER VCHTYPE="Sales" ACTION="Create">
        <DATE>20260520</DATE>
        <VOUCHERNUMBER>INV-30099226</VOUCHERNUMBER>
        <NARRATION>Sales Invoice - Mahika</NARRATION>
        <VOUCHERTYPENAME>Sales</VOUCHERTYPENAME>
        <PARTYLEDGERNAME>Sundry Debtors - Patients</PARTYLEDGERNAME>
        <ALLLEDGERENTRIES.LIST>
          <LEDGERNAME>Sundry Debtors - Patients</LEDGERNAME>
          <ISDEEMEDPOSITIVE>Yes</ISDEEMEDPOSITIVE>
          <AMOUNT>500</AMOUNT>
        </ALLLEDGERENTRIES.LIST>
        <ALLLEDGERENTRIES.LIST>
          <LEDGERNAME>Sales Account</LEDGERNAME>
          <ISDEEMEDPOSITIVE>No</ISDEEMEDPOSITIVE>
          <AMOUNT>-500</AMOUNT>
        </ALLLEDGERENTRIES.LIST>



      </VOUCHER>
    </TALLYMESSAGE>

    <TALLYMESSAGE xmlns:UDF="TallyUDF">
      <VOUCHER VCHTYPE="Sales" ACTION="Create">
        <DATE>20260520</DATE>
        <VOUCHERNUMBER>INV-30118154</VOUCHERNUMBER>
        <NARRATION>Sales Invoice - mahak jain</NARRATION>
        <VOUCHERTYPENAME>Sales</VOUCHERTYPENAME>
        <PARTYLEDGERNAME>Sundry Debtors - Patients</PARTYLEDGERNAME>
        <ALLLEDGERENTRIES.LIST>
          <LEDGERNAME>Sundry Debtors - Patients</LEDGERNAME>
          <ISDEEMEDPOSITIVE>Yes</ISDEEMEDPOSITIVE>
          <AMOUNT>700</AMOUNT>
        </ALLLEDGERENTRIES.LIST>
        <ALLLEDGERENTRIES.LIST>
          <LEDGERNAME>Sales Account</LEDGERNAME>
          <ISDEEMEDPOSITIVE>No</ISDEEMEDPOSITIVE>
          <AMOUNT>-700</AMOUNT>
        </ALLLEDGERENTRIES.LIST>



      </VOUCHER>
    </TALLYMESSAGE>

    <TALLYMESSAGE xmlns:UDF="TallyUDF">
      <VOUCHER VCHTYPE="Sales" ACTION="Create">
        <DATE>20260515</DATE>
        <VOUCHERNUMBER>IPD-EMRG-00040</VOUCHERNUMBER>
        <NARRATION>Sales Invoice - Mohan</NARRATION>
        <VOUCHERTYPENAME>Sales</VOUCHERTYPENAME>
        <PARTYLEDGERNAME>Sundry Debtors - Patients</PARTYLEDGERNAME>
        <ALLLEDGERENTRIES.LIST>
          <LEDGERNAME>Sundry Debtors - Patients</LEDGERNAME>
          <ISDEEMEDPOSITIVE>Yes</ISDEEMEDPOSITIVE>
          <AMOUNT>4900</AMOUNT>
        </ALLLEDGERENTRIES.LIST>
        <ALLLEDGERENTRIES.LIST>
          <LEDGERNAME>Sales Account</LEDGERNAME>
          <ISDEEMEDPOSITIVE>No</ISDEEMEDPOSITIVE>
          <AMOUNT>-4900</AMOUNT>
        </ALLLEDGERENTRIES.LIST>



      </VOUCHER>
    </TALLYMESSAGE>

    <TALLYMESSAGE xmlns:UDF="TallyUDF">
      <VOUCHER VCHTYPE="Sales" ACTION="Create">
        <DATE>20260520</DATE>
        <VOUCHERNUMBER>INV-20260519-2516</VOUCHERNUMBER>
        <NARRATION>Sales Invoice - parikshit </NARRATION>
        <VOUCHERTYPENAME>Sales</VOUCHERTYPENAME>
        <PARTYLEDGERNAME>Sundry Debtors - Patients</PARTYLEDGERNAME>
        <ALLLEDGERENTRIES.LIST>
          <LEDGERNAME>Sundry Debtors - Patients</LEDGERNAME>
          <ISDEEMEDPOSITIVE>Yes</ISDEEMEDPOSITIVE>
          <AMOUNT>350</AMOUNT>
        </ALLLEDGERENTRIES.LIST>
        <ALLLEDGERENTRIES.LIST>
          <LEDGERNAME>Sales Account</LEDGERNAME>
          <ISDEEMEDPOSITIVE>No</ISDEEMEDPOSITIVE>
          <AMOUNT>-308</AMOUNT>
        </ALLLEDGERENTRIES.LIST>
        <ALLLEDGERENTRIES.LIST>
          <LEDGERNAME>CGST Payable</LEDGERNAME>
          <ISDEEMEDPOSITIVE>No</ISDEEMEDPOSITIVE>
          <AMOUNT>-21</AMOUNT>
        </ALLLEDGERENTRIES.LIST>
        <ALLLEDGERENTRIES.LIST>
          <LEDGERNAME>SGST Payable</LEDGERNAME>
          <ISDEEMEDPOSITIVE>No</ISDEEMEDPOSITIVE>
          <AMOUNT>-21</AMOUNT>
        </ALLLEDGERENTRIES.LIST>

      </VOUCHER>
    </TALLYMESSAGE>

    <TALLYMESSAGE xmlns:UDF="TallyUDF">
      <VOUCHER VCHTYPE="Sales" ACTION="Create">
        <DATE>20260520</DATE>
        <VOUCHERNUMBER>INV-20260519-8215</VOUCHERNUMBER>
        <NARRATION>Sales Invoice - Parikshit Sharma</NARRATION>
        <VOUCHERTYPENAME>Sales</VOUCHERTYPENAME>
        <PARTYLEDGERNAME>Sundry Debtors - Patients</PARTYLEDGERNAME>
        <ALLLEDGERENTRIES.LIST>
          <LEDGERNAME>Sundry Debtors - Patients</LEDGERNAME>
          <ISDEEMEDPOSITIVE>Yes</ISDEEMEDPOSITIVE>
          <AMOUNT>500</AMOUNT>
        </ALLLEDGERENTRIES.LIST>
        <ALLLEDGERENTRIES.LIST>
          <LEDGERNAME>Sales Account</LEDGERNAME>
          <ISDEEMEDPOSITIVE>No</ISDEEMEDPOSITIVE>
          <AMOUNT>-500</AMOUNT>
        </ALLLEDGERENTRIES.LIST>



      </VOUCHER>
    </TALLYMESSAGE>

    <TALLYMESSAGE xmlns:UDF="TallyUDF">
      <VOUCHER VCHTYPE="Sales" ACTION="Create">
        <DATE>20260520</DATE>
        <VOUCHERNUMBER>INV-34186489</VOUCHERNUMBER>
        <NARRATION>Sales Invoice - parikshit</NARRATION>
        <VOUCHERTYPENAME>Sales</VOUCHERTYPENAME>
        <PARTYLEDGERNAME>Sundry Debtors - Patients</PARTYLEDGERNAME>
        <ALLLEDGERENTRIES.LIST>
          <LEDGERNAME>Sundry Debtors - Patients</LEDGERNAME>
          <ISDEEMEDPOSITIVE>Yes</ISDEEMEDPOSITIVE>
          <AMOUNT>850</AMOUNT>
        </ALLLEDGERENTRIES.LIST>
        <ALLLEDGERENTRIES.LIST>
          <LEDGERNAME>Sales Account</LEDGERNAME>
          <ISDEEMEDPOSITIVE>No</ISDEEMEDPOSITIVE>
          <AMOUNT>-850</AMOUNT>
        </ALLLEDGERENTRIES.LIST>



      </VOUCHER>
    </TALLYMESSAGE>

    <TALLYMESSAGE xmlns:UDF="TallyUDF">
      <VOUCHER VCHTYPE="Sales" ACTION="Create">
        <DATE>20260521</DATE>
        <VOUCHERNUMBER>INV-20260521-3578</VOUCHERNUMBER>
        <NARRATION>Sales Invoice - Mahika</NARRATION>
        <VOUCHERTYPENAME>Sales</VOUCHERTYPENAME>
        <PARTYLEDGERNAME>Sundry Debtors - Patients</PARTYLEDGERNAME>
        <ALLLEDGERENTRIES.LIST>
          <LEDGERNAME>Sundry Debtors - Patients</LEDGERNAME>
          <ISDEEMEDPOSITIVE>Yes</ISDEEMEDPOSITIVE>
          <AMOUNT>2800</AMOUNT>
        </ALLLEDGERENTRIES.LIST>
        <ALLLEDGERENTRIES.LIST>
          <LEDGERNAME>Sales Account</LEDGERNAME>
          <ISDEEMEDPOSITIVE>No</ISDEEMEDPOSITIVE>
          <AMOUNT>-2800</AMOUNT>
        </ALLLEDGERENTRIES.LIST>



      </VOUCHER>
    </TALLYMESSAGE>

    <TALLYMESSAGE xmlns:UDF="TallyUDF">
      <VOUCHER VCHTYPE="Sales" ACTION="Create">
        <DATE>20260515</DATE>
        <VOUCHERNUMBER>INV-20260515-7694</VOUCHERNUMBER>
        <NARRATION>Sales Invoice - Chinmay Singhal</NARRATION>
        <VOUCHERTYPENAME>Sales</VOUCHERTYPENAME>
        <PARTYLEDGERNAME>Sundry Debtors - Patients</PARTYLEDGERNAME>
        <ALLLEDGERENTRIES.LIST>
          <LEDGERNAME>Sundry Debtors - Patients</LEDGERNAME>
          <ISDEEMEDPOSITIVE>Yes</ISDEEMEDPOSITIVE>
          <AMOUNT>104000</AMOUNT>
        </ALLLEDGERENTRIES.LIST>
        <ALLLEDGERENTRIES.LIST>
          <LEDGERNAME>Sales Account</LEDGERNAME>
          <ISDEEMEDPOSITIVE>No</ISDEEMEDPOSITIVE>
          <AMOUNT>-104000</AMOUNT>
        </ALLLEDGERENTRIES.LIST>



      </VOUCHER>
    </TALLYMESSAGE>

    <TALLYMESSAGE xmlns:UDF="TallyUDF">
      <VOUCHER VCHTYPE="Receipt" ACTION="Create">
        <DATE>20260412</DATE>
        <VOUCHERNUMBER>RCP-20260411-4055</VOUCHERNUMBER>
        <NARRATION>Payment received - Card</NARRATION>
        <VOUCHERTYPENAME>Receipt</VOUCHERTYPENAME>
        <ALLLEDGERENTRIES.LIST>
          <LEDGERNAME>Bank Accounts</LEDGERNAME>
          <ISDEEMEDPOSITIVE>Yes</ISDEEMEDPOSITIVE>
          <AMOUNT>5000</AMOUNT>
        </ALLLEDGERENTRIES.LIST>
        <ALLLEDGERENTRIES.LIST>
          <LEDGERNAME>Sundry Debtors - Patients</LEDGERNAME>
          <ISDEEMEDPOSITIVE>No</ISDEEMEDPOSITIVE>
          <AMOUNT>-5000</AMOUNT>
        </ALLLEDGERENTRIES.LIST>
      </VOUCHER>
    </TALLYMESSAGE>

    <TALLYMESSAGE xmlns:UDF="TallyUDF">
      <VOUCHER VCHTYPE="Receipt" ACTION="Create">
        <DATE>20260412</DATE>
        <VOUCHERNUMBER>RCP-20260411-7131</VOUCHERNUMBER>
        <NARRATION>Payment received - Cash</NARRATION>
        <VOUCHERTYPENAME>Receipt</VOUCHERTYPENAME>
        <ALLLEDGERENTRIES.LIST>
          <LEDGERNAME>Cash</LEDGERNAME>
          <ISDEEMEDPOSITIVE>Yes</ISDEEMEDPOSITIVE>
          <AMOUNT>10000</AMOUNT>
        </ALLLEDGERENTRIES.LIST>
        <ALLLEDGERENTRIES.LIST>
          <LEDGERNAME>Sundry Debtors - Patients</LEDGERNAME>
          <ISDEEMEDPOSITIVE>No</ISDEEMEDPOSITIVE>
          <AMOUNT>-10000</AMOUNT>
        </ALLLEDGERENTRIES.LIST>
      </VOUCHER>
    </TALLYMESSAGE>

    <TALLYMESSAGE xmlns:UDF="TallyUDF">
      <VOUCHER VCHTYPE="Receipt" ACTION="Create">
        <DATE>20260415</DATE>
        <VOUCHERNUMBER>RCP-20260415-2213</VOUCHERNUMBER>
        <NARRATION>Payment received - UPI</NARRATION>
        <VOUCHERTYPENAME>Receipt</VOUCHERTYPENAME>
        <ALLLEDGERENTRIES.LIST>
          <LEDGERNAME>Bank Accounts</LEDGERNAME>
          <ISDEEMEDPOSITIVE>Yes</ISDEEMEDPOSITIVE>
          <AMOUNT>5000</AMOUNT>
        </ALLLEDGERENTRIES.LIST>
        <ALLLEDGERENTRIES.LIST>
          <LEDGERNAME>Sundry Debtors - Patients</LEDGERNAME>
          <ISDEEMEDPOSITIVE>No</ISDEEMEDPOSITIVE>
          <AMOUNT>-5000</AMOUNT>
        </ALLLEDGERENTRIES.LIST>
      </VOUCHER>
    </TALLYMESSAGE>

    <TALLYMESSAGE xmlns:UDF="TallyUDF">
      <VOUCHER VCHTYPE="Receipt" ACTION="Create">
        <DATE>20260416</DATE>
        <VOUCHERNUMBER>REC-43388533</VOUCHERNUMBER>
        <NARRATION>Payment received - Cash</NARRATION>
        <VOUCHERTYPENAME>Receipt</VOUCHERTYPENAME>
        <ALLLEDGERENTRIES.LIST>
          <LEDGERNAME>Cash</LEDGERNAME>
          <ISDEEMEDPOSITIVE>Yes</ISDEEMEDPOSITIVE>
          <AMOUNT>522</AMOUNT>
        </ALLLEDGERENTRIES.LIST>
        <ALLLEDGERENTRIES.LIST>
          <LEDGERNAME>Sundry Debtors - Patients</LEDGERNAME>
          <ISDEEMEDPOSITIVE>No</ISDEEMEDPOSITIVE>
          <AMOUNT>-522</AMOUNT>
        </ALLLEDGERENTRIES.LIST>
      </VOUCHER>
    </TALLYMESSAGE>

    <TALLYMESSAGE xmlns:UDF="TallyUDF">
      <VOUCHER VCHTYPE="Receipt" ACTION="Create">
        <DATE>20260416</DATE>
        <VOUCHERNUMBER>REC-43813430</VOUCHERNUMBER>
        <NARRATION>Payment received - Cash</NARRATION>
        <VOUCHERTYPENAME>Receipt</VOUCHERTYPENAME>
        <ALLLEDGERENTRIES.LIST>
          <LEDGERNAME>Cash</LEDGERNAME>
          <ISDEEMEDPOSITIVE>Yes</ISDEEMEDPOSITIVE>
          <AMOUNT>400</AMOUNT>
        </ALLLEDGERENTRIES.LIST>
        <ALLLEDGERENTRIES.LIST>
          <LEDGERNAME>Sundry Debtors - Patients</LEDGERNAME>
          <ISDEEMEDPOSITIVE>No</ISDEEMEDPOSITIVE>
          <AMOUNT>-400</AMOUNT>
        </ALLLEDGERENTRIES.LIST>
      </VOUCHER>
    </TALLYMESSAGE>

    <TALLYMESSAGE xmlns:UDF="TallyUDF">
      <VOUCHER VCHTYPE="Receipt" ACTION="Create">
        <DATE>20260423</DATE>
        <VOUCHERNUMBER>REC-45053528</VOUCHERNUMBER>
        <NARRATION>Payment received - Cash</NARRATION>
        <VOUCHERTYPENAME>Receipt</VOUCHERTYPENAME>
        <ALLLEDGERENTRIES.LIST>
          <LEDGERNAME>Cash</LEDGERNAME>
          <ISDEEMEDPOSITIVE>Yes</ISDEEMEDPOSITIVE>
          <AMOUNT>2</AMOUNT>
        </ALLLEDGERENTRIES.LIST>
        <ALLLEDGERENTRIES.LIST>
          <LEDGERNAME>Sundry Debtors - Patients</LEDGERNAME>
          <ISDEEMEDPOSITIVE>No</ISDEEMEDPOSITIVE>
          <AMOUNT>-2</AMOUNT>
        </ALLLEDGERENTRIES.LIST>
      </VOUCHER>
    </TALLYMESSAGE>

    <TALLYMESSAGE xmlns:UDF="TallyUDF">
      <VOUCHER VCHTYPE="Receipt" ACTION="Create">
        <DATE>20260507</DATE>
        <VOUCHERNUMBER>REC-76413883</VOUCHERNUMBER>
        <NARRATION>Payment received - Card</NARRATION>
        <VOUCHERTYPENAME>Receipt</VOUCHERTYPENAME>
        <ALLLEDGERENTRIES.LIST>
          <LEDGERNAME>Bank Accounts</LEDGERNAME>
          <ISDEEMEDPOSITIVE>Yes</ISDEEMEDPOSITIVE>
          <AMOUNT>0</AMOUNT>
        </ALLLEDGERENTRIES.LIST>
        <ALLLEDGERENTRIES.LIST>
          <LEDGERNAME>Sundry Debtors - Patients</LEDGERNAME>
          <ISDEEMEDPOSITIVE>No</ISDEEMEDPOSITIVE>
          <AMOUNT>0</AMOUNT>
        </ALLLEDGERENTRIES.LIST>
      </VOUCHER>
    </TALLYMESSAGE>

    <TALLYMESSAGE xmlns:UDF="TallyUDF">
      <VOUCHER VCHTYPE="Receipt" ACTION="Create">
        <DATE>20260509</DATE>
        <VOUCHERNUMBER>RCP-20260509-8734</VOUCHERNUMBER>
        <NARRATION>Payment received - UPI</NARRATION>
        <VOUCHERTYPENAME>Receipt</VOUCHERTYPENAME>
        <ALLLEDGERENTRIES.LIST>
          <LEDGERNAME>Bank Accounts</LEDGERNAME>
          <ISDEEMEDPOSITIVE>Yes</ISDEEMEDPOSITIVE>
          <AMOUNT>300</AMOUNT>
        </ALLLEDGERENTRIES.LIST>
        <ALLLEDGERENTRIES.LIST>
          <LEDGERNAME>Sundry Debtors - Patients</LEDGERNAME>
          <ISDEEMEDPOSITIVE>No</ISDEEMEDPOSITIVE>
          <AMOUNT>-300</AMOUNT>
        </ALLLEDGERENTRIES.LIST>
      </VOUCHER>
    </TALLYMESSAGE>

    <TALLYMESSAGE xmlns:UDF="TallyUDF">
      <VOUCHER VCHTYPE="Receipt" ACTION="Create">
        <DATE>20260511</DATE>
        <VOUCHERNUMBER>REC-11525025</VOUCHERNUMBER>
        <NARRATION>Payment received - Cash</NARRATION>
        <VOUCHERTYPENAME>Receipt</VOUCHERTYPENAME>
        <ALLLEDGERENTRIES.LIST>
          <LEDGERNAME>Cash</LEDGERNAME>
          <ISDEEMEDPOSITIVE>Yes</ISDEEMEDPOSITIVE>
          <AMOUNT>6088</AMOUNT>
        </ALLLEDGERENTRIES.LIST>
        <ALLLEDGERENTRIES.LIST>
          <LEDGERNAME>Sundry Debtors - Patients</LEDGERNAME>
          <ISDEEMEDPOSITIVE>No</ISDEEMEDPOSITIVE>
          <AMOUNT>-6088</AMOUNT>
        </ALLLEDGERENTRIES.LIST>
      </VOUCHER>
    </TALLYMESSAGE>

    <TALLYMESSAGE xmlns:UDF="TallyUDF">
      <VOUCHER VCHTYPE="Receipt" ACTION="Create">
        <DATE>20260511</DATE>
        <VOUCHERNUMBER>REC-11857492</VOUCHERNUMBER>
        <NARRATION>Payment received - Cash</NARRATION>
        <VOUCHERTYPENAME>Receipt</VOUCHERTYPENAME>
        <ALLLEDGERENTRIES.LIST>
          <LEDGERNAME>Cash</LEDGERNAME>
          <ISDEEMEDPOSITIVE>Yes</ISDEEMEDPOSITIVE>
          <AMOUNT>6088</AMOUNT>
        </ALLLEDGERENTRIES.LIST>
        <ALLLEDGERENTRIES.LIST>
          <LEDGERNAME>Sundry Debtors - Patients</LEDGERNAME>
          <ISDEEMEDPOSITIVE>No</ISDEEMEDPOSITIVE>
          <AMOUNT>-6088</AMOUNT>
        </ALLLEDGERENTRIES.LIST>
      </VOUCHER>
    </TALLYMESSAGE>

    <TALLYMESSAGE xmlns:UDF="TallyUDF">
      <VOUCHER VCHTYPE="Receipt" ACTION="Create">
        <DATE>20260513</DATE>
        <VOUCHERNUMBER>REC-61515742</VOUCHERNUMBER>
        <NARRATION>Payment received - Cash</NARRATION>
        <VOUCHERTYPENAME>Receipt</VOUCHERTYPENAME>
        <ALLLEDGERENTRIES.LIST>
          <LEDGERNAME>Cash</LEDGERNAME>
          <ISDEEMEDPOSITIVE>Yes</ISDEEMEDPOSITIVE>
          <AMOUNT>800</AMOUNT>
        </ALLLEDGERENTRIES.LIST>
        <ALLLEDGERENTRIES.LIST>
          <LEDGERNAME>Sundry Debtors - Patients</LEDGERNAME>
          <ISDEEMEDPOSITIVE>No</ISDEEMEDPOSITIVE>
          <AMOUNT>-800</AMOUNT>
        </ALLLEDGERENTRIES.LIST>
      </VOUCHER>
    </TALLYMESSAGE>

    <TALLYMESSAGE xmlns:UDF="TallyUDF">
      <VOUCHER VCHTYPE="Receipt" ACTION="Create">
        <DATE>20260513</DATE>
        <VOUCHERNUMBER>RCP-20260513-0172</VOUCHERNUMBER>
        <NARRATION>Payment received - Cash</NARRATION>
        <VOUCHERTYPENAME>Receipt</VOUCHERTYPENAME>
        <ALLLEDGERENTRIES.LIST>
          <LEDGERNAME>Cash</LEDGERNAME>
          <ISDEEMEDPOSITIVE>Yes</ISDEEMEDPOSITIVE>
          <AMOUNT>500</AMOUNT>
        </ALLLEDGERENTRIES.LIST>
        <ALLLEDGERENTRIES.LIST>
          <LEDGERNAME>Sundry Debtors - Patients</LEDGERNAME>
          <ISDEEMEDPOSITIVE>No</ISDEEMEDPOSITIVE>
          <AMOUNT>-500</AMOUNT>
        </ALLLEDGERENTRIES.LIST>
      </VOUCHER>
    </TALLYMESSAGE>

    <TALLYMESSAGE xmlns:UDF="TallyUDF">
      <VOUCHER VCHTYPE="Receipt" ACTION="Create">
        <DATE>20260513</DATE>
        <VOUCHERNUMBER>RCP-20260513-0924</VOUCHERNUMBER>
        <NARRATION>Payment received - Cash</NARRATION>
        <VOUCHERTYPENAME>Receipt</VOUCHERTYPENAME>
        <ALLLEDGERENTRIES.LIST>
          <LEDGERNAME>Cash</LEDGERNAME>
          <ISDEEMEDPOSITIVE>Yes</ISDEEMEDPOSITIVE>
          <AMOUNT>100</AMOUNT>
        </ALLLEDGERENTRIES.LIST>
        <ALLLEDGERENTRIES.LIST>
          <LEDGERNAME>Sundry Debtors - Patients</LEDGERNAME>
          <ISDEEMEDPOSITIVE>No</ISDEEMEDPOSITIVE>
          <AMOUNT>-100</AMOUNT>
        </ALLLEDGERENTRIES.LIST>
      </VOUCHER>
    </TALLYMESSAGE>

    <TALLYMESSAGE xmlns:UDF="TallyUDF">
      <VOUCHER VCHTYPE="Receipt" ACTION="Create">
        <DATE>20260513</DATE>
        <VOUCHERNUMBER>RCP-20260513-6218</VOUCHERNUMBER>
        <NARRATION>Payment received - Cash</NARRATION>
        <VOUCHERTYPENAME>Receipt</VOUCHERTYPENAME>
        <ALLLEDGERENTRIES.LIST>
          <LEDGERNAME>Cash</LEDGERNAME>
          <ISDEEMEDPOSITIVE>Yes</ISDEEMEDPOSITIVE>
          <AMOUNT>400</AMOUNT>
        </ALLLEDGERENTRIES.LIST>
        <ALLLEDGERENTRIES.LIST>
          <LEDGERNAME>Sundry Debtors - Patients</LEDGERNAME>
          <ISDEEMEDPOSITIVE>No</ISDEEMEDPOSITIVE>
          <AMOUNT>-400</AMOUNT>
        </ALLLEDGERENTRIES.LIST>
      </VOUCHER>
    </TALLYMESSAGE>

    <TALLYMESSAGE xmlns:UDF="TallyUDF">
      <VOUCHER VCHTYPE="Receipt" ACTION="Create">
        <DATE>20260513</DATE>
        <VOUCHERNUMBER>RCP-20260513-4139</VOUCHERNUMBER>
        <NARRATION>Payment received - Cash</NARRATION>
        <VOUCHERTYPENAME>Receipt</VOUCHERTYPENAME>
        <ALLLEDGERENTRIES.LIST>
          <LEDGERNAME>Cash</LEDGERNAME>
          <ISDEEMEDPOSITIVE>Yes</ISDEEMEDPOSITIVE>
          <AMOUNT>1000</AMOUNT>
        </ALLLEDGERENTRIES.LIST>
        <ALLLEDGERENTRIES.LIST>
          <LEDGERNAME>Sundry Debtors - Patients</LEDGERNAME>
          <ISDEEMEDPOSITIVE>No</ISDEEMEDPOSITIVE>
          <AMOUNT>-1000</AMOUNT>
        </ALLLEDGERENTRIES.LIST>
      </VOUCHER>
    </TALLYMESSAGE>

    <TALLYMESSAGE xmlns:UDF="TallyUDF">
      <VOUCHER VCHTYPE="Receipt" ACTION="Create">
        <DATE>20260513</DATE>
        <VOUCHERNUMBER>RCP-20260513-0061</VOUCHERNUMBER>
        <NARRATION>Payment received - Cash</NARRATION>
        <VOUCHERTYPENAME>Receipt</VOUCHERTYPENAME>
        <ALLLEDGERENTRIES.LIST>
          <LEDGERNAME>Cash</LEDGERNAME>
          <ISDEEMEDPOSITIVE>Yes</ISDEEMEDPOSITIVE>
          <AMOUNT>498</AMOUNT>
        </ALLLEDGERENTRIES.LIST>
        <ALLLEDGERENTRIES.LIST>
          <LEDGERNAME>Sundry Debtors - Patients</LEDGERNAME>
          <ISDEEMEDPOSITIVE>No</ISDEEMEDPOSITIVE>
          <AMOUNT>-498</AMOUNT>
        </ALLLEDGERENTRIES.LIST>
      </VOUCHER>
    </TALLYMESSAGE>

    <TALLYMESSAGE xmlns:UDF="TallyUDF">
      <VOUCHER VCHTYPE="Receipt" ACTION="Create">
        <DATE>20260513</DATE>
        <VOUCHERNUMBER>REC-71551834</VOUCHERNUMBER>
        <NARRATION>Payment received - Cash</NARRATION>
        <VOUCHERTYPENAME>Receipt</VOUCHERTYPENAME>
        <ALLLEDGERENTRIES.LIST>
          <LEDGERNAME>Cash</LEDGERNAME>
          <ISDEEMEDPOSITIVE>Yes</ISDEEMEDPOSITIVE>
          <AMOUNT>300</AMOUNT>
        </ALLLEDGERENTRIES.LIST>
        <ALLLEDGERENTRIES.LIST>
          <LEDGERNAME>Sundry Debtors - Patients</LEDGERNAME>
          <ISDEEMEDPOSITIVE>No</ISDEEMEDPOSITIVE>
          <AMOUNT>-300</AMOUNT>
        </ALLLEDGERENTRIES.LIST>
      </VOUCHER>
    </TALLYMESSAGE>

    <TALLYMESSAGE xmlns:UDF="TallyUDF">
      <VOUCHER VCHTYPE="Receipt" ACTION="Create">
        <DATE>20260514</DATE>
        <VOUCHERNUMBER>RCP-20260514-6624</VOUCHERNUMBER>
        <NARRATION>Payment received - Card</NARRATION>
        <VOUCHERTYPENAME>Receipt</VOUCHERTYPENAME>
        <ALLLEDGERENTRIES.LIST>
          <LEDGERNAME>Bank Accounts</LEDGERNAME>
          <ISDEEMEDPOSITIVE>Yes</ISDEEMEDPOSITIVE>
          <AMOUNT>20200</AMOUNT>
        </ALLLEDGERENTRIES.LIST>
        <ALLLEDGERENTRIES.LIST>
          <LEDGERNAME>Sundry Debtors - Patients</LEDGERNAME>
          <ISDEEMEDPOSITIVE>No</ISDEEMEDPOSITIVE>
          <AMOUNT>-20200</AMOUNT>
        </ALLLEDGERENTRIES.LIST>
      </VOUCHER>
    </TALLYMESSAGE>

    <TALLYMESSAGE xmlns:UDF="TallyUDF">
      <VOUCHER VCHTYPE="Receipt" ACTION="Create">
        <DATE>20260514</DATE>
        <VOUCHERNUMBER>RCP-20260514-6946</VOUCHERNUMBER>
        <NARRATION>Payment received - Card</NARRATION>
        <VOUCHERTYPENAME>Receipt</VOUCHERTYPENAME>
        <ALLLEDGERENTRIES.LIST>
          <LEDGERNAME>Bank Accounts</LEDGERNAME>
          <ISDEEMEDPOSITIVE>Yes</ISDEEMEDPOSITIVE>
          <AMOUNT>100</AMOUNT>
        </ALLLEDGERENTRIES.LIST>
        <ALLLEDGERENTRIES.LIST>
          <LEDGERNAME>Sundry Debtors - Patients</LEDGERNAME>
          <ISDEEMEDPOSITIVE>No</ISDEEMEDPOSITIVE>
          <AMOUNT>-100</AMOUNT>
        </ALLLEDGERENTRIES.LIST>
      </VOUCHER>
    </TALLYMESSAGE>

    <TALLYMESSAGE xmlns:UDF="TallyUDF">
      <VOUCHER VCHTYPE="Receipt" ACTION="Create">
        <DATE>20260514</DATE>
        <VOUCHERNUMBER>REC-55755635</VOUCHERNUMBER>
        <NARRATION>Payment received - Cash</NARRATION>
        <VOUCHERTYPENAME>Receipt</VOUCHERTYPENAME>
        <ALLLEDGERENTRIES.LIST>
          <LEDGERNAME>Cash</LEDGERNAME>
          <ISDEEMEDPOSITIVE>Yes</ISDEEMEDPOSITIVE>
          <AMOUNT>500</AMOUNT>
        </ALLLEDGERENTRIES.LIST>
        <ALLLEDGERENTRIES.LIST>
          <LEDGERNAME>Sundry Debtors - Patients</LEDGERNAME>
          <ISDEEMEDPOSITIVE>No</ISDEEMEDPOSITIVE>
          <AMOUNT>-500</AMOUNT>
        </ALLLEDGERENTRIES.LIST>
      </VOUCHER>
    </TALLYMESSAGE>

    <TALLYMESSAGE xmlns:UDF="TallyUDF">
      <VOUCHER VCHTYPE="Receipt" ACTION="Create">
        <DATE>20260514</DATE>
        <VOUCHERNUMBER>RCP-20260514-3412</VOUCHERNUMBER>
        <NARRATION>Payment received - Cash</NARRATION>
        <VOUCHERTYPENAME>Receipt</VOUCHERTYPENAME>
        <ALLLEDGERENTRIES.LIST>
          <LEDGERNAME>Cash</LEDGERNAME>
          <ISDEEMEDPOSITIVE>Yes</ISDEEMEDPOSITIVE>
          <AMOUNT>1500</AMOUNT>
        </ALLLEDGERENTRIES.LIST>
        <ALLLEDGERENTRIES.LIST>
          <LEDGERNAME>Sundry Debtors - Patients</LEDGERNAME>
          <ISDEEMEDPOSITIVE>No</ISDEEMEDPOSITIVE>
          <AMOUNT>-1500</AMOUNT>
        </ALLLEDGERENTRIES.LIST>
      </VOUCHER>
    </TALLYMESSAGE>

    <TALLYMESSAGE xmlns:UDF="TallyUDF">
      <VOUCHER VCHTYPE="Receipt" ACTION="Create">
        <DATE>20260515</DATE>
        <VOUCHERNUMBER>RCP-20260515-6584</VOUCHERNUMBER>
        <NARRATION>Payment received - UPI</NARRATION>
        <VOUCHERTYPENAME>Receipt</VOUCHERTYPENAME>
        <ALLLEDGERENTRIES.LIST>
          <LEDGERNAME>Bank Accounts</LEDGERNAME>
          <ISDEEMEDPOSITIVE>Yes</ISDEEMEDPOSITIVE>
          <AMOUNT>316977.5</AMOUNT>
        </ALLLEDGERENTRIES.LIST>
        <ALLLEDGERENTRIES.LIST>
          <LEDGERNAME>Sundry Debtors - Patients</LEDGERNAME>
          <ISDEEMEDPOSITIVE>No</ISDEEMEDPOSITIVE>
          <AMOUNT>-316977.5</AMOUNT>
        </ALLLEDGERENTRIES.LIST>
      </VOUCHER>
    </TALLYMESSAGE>

    <TALLYMESSAGE xmlns:UDF="TallyUDF">
      <VOUCHER VCHTYPE="Receipt" ACTION="Create">
        <DATE>20260515</DATE>
        <VOUCHERNUMBER>REC-37698347</VOUCHERNUMBER>
        <NARRATION>Payment received - Cash</NARRATION>
        <VOUCHERTYPENAME>Receipt</VOUCHERTYPENAME>
        <ALLLEDGERENTRIES.LIST>
          <LEDGERNAME>Cash</LEDGERNAME>
          <ISDEEMEDPOSITIVE>Yes</ISDEEMEDPOSITIVE>
          <AMOUNT>250</AMOUNT>
        </ALLLEDGERENTRIES.LIST>
        <ALLLEDGERENTRIES.LIST>
          <LEDGERNAME>Sundry Debtors - Patients</LEDGERNAME>
          <ISDEEMEDPOSITIVE>No</ISDEEMEDPOSITIVE>
          <AMOUNT>-250</AMOUNT>
        </ALLLEDGERENTRIES.LIST>
      </VOUCHER>
    </TALLYMESSAGE>

    <TALLYMESSAGE xmlns:UDF="TallyUDF">
      <VOUCHER VCHTYPE="Receipt" ACTION="Create">
        <DATE>20260515</DATE>
        <VOUCHERNUMBER>REC-37941152</VOUCHERNUMBER>
        <NARRATION>Payment received - Cash</NARRATION>
        <VOUCHERTYPENAME>Receipt</VOUCHERTYPENAME>
        <ALLLEDGERENTRIES.LIST>
          <LEDGERNAME>Cash</LEDGERNAME>
          <ISDEEMEDPOSITIVE>Yes</ISDEEMEDPOSITIVE>
          <AMOUNT>500</AMOUNT>
        </ALLLEDGERENTRIES.LIST>
        <ALLLEDGERENTRIES.LIST>
          <LEDGERNAME>Sundry Debtors - Patients</LEDGERNAME>
          <ISDEEMEDPOSITIVE>No</ISDEEMEDPOSITIVE>
          <AMOUNT>-500</AMOUNT>
        </ALLLEDGERENTRIES.LIST>
      </VOUCHER>
    </TALLYMESSAGE>

    <TALLYMESSAGE xmlns:UDF="TallyUDF">
      <VOUCHER VCHTYPE="Receipt" ACTION="Create">
        <DATE>20260515</DATE>
        <VOUCHERNUMBER>REC-39533474</VOUCHERNUMBER>
        <NARRATION>Payment received - Cash</NARRATION>
        <VOUCHERTYPENAME>Receipt</VOUCHERTYPENAME>
        <ALLLEDGERENTRIES.LIST>
          <LEDGERNAME>Cash</LEDGERNAME>
          <ISDEEMEDPOSITIVE>Yes</ISDEEMEDPOSITIVE>
          <AMOUNT>500</AMOUNT>
        </ALLLEDGERENTRIES.LIST>
        <ALLLEDGERENTRIES.LIST>
          <LEDGERNAME>Sundry Debtors - Patients</LEDGERNAME>
          <ISDEEMEDPOSITIVE>No</ISDEEMEDPOSITIVE>
          <AMOUNT>-500</AMOUNT>
        </ALLLEDGERENTRIES.LIST>
      </VOUCHER>
    </TALLYMESSAGE>

    <TALLYMESSAGE xmlns:UDF="TallyUDF">
      <VOUCHER VCHTYPE="Receipt" ACTION="Create">
        <DATE>20260519</DATE>
        <VOUCHERNUMBER>REC-86358060</VOUCHERNUMBER>
        <NARRATION>Payment received - Cash</NARRATION>
        <VOUCHERTYPENAME>Receipt</VOUCHERTYPENAME>
        <ALLLEDGERENTRIES.LIST>
          <LEDGERNAME>Cash</LEDGERNAME>
          <ISDEEMEDPOSITIVE>Yes</ISDEEMEDPOSITIVE>
          <AMOUNT>0</AMOUNT>
        </ALLLEDGERENTRIES.LIST>
        <ALLLEDGERENTRIES.LIST>
          <LEDGERNAME>Sundry Debtors - Patients</LEDGERNAME>
          <ISDEEMEDPOSITIVE>No</ISDEEMEDPOSITIVE>
          <AMOUNT>0</AMOUNT>
        </ALLLEDGERENTRIES.LIST>
      </VOUCHER>
    </TALLYMESSAGE>

    <TALLYMESSAGE xmlns:UDF="TallyUDF">
      <VOUCHER VCHTYPE="Receipt" ACTION="Create">
        <DATE>20260519</DATE>
        <VOUCHERNUMBER>REC-86897975</VOUCHERNUMBER>
        <NARRATION>Payment received - Cash</NARRATION>
        <VOUCHERTYPENAME>Receipt</VOUCHERTYPENAME>
        <ALLLEDGERENTRIES.LIST>
          <LEDGERNAME>Cash</LEDGERNAME>
          <ISDEEMEDPOSITIVE>Yes</ISDEEMEDPOSITIVE>
          <AMOUNT>500</AMOUNT>
        </ALLLEDGERENTRIES.LIST>
        <ALLLEDGERENTRIES.LIST>
          <LEDGERNAME>Sundry Debtors - Patients</LEDGERNAME>
          <ISDEEMEDPOSITIVE>No</ISDEEMEDPOSITIVE>
          <AMOUNT>-500</AMOUNT>
        </ALLLEDGERENTRIES.LIST>
      </VOUCHER>
    </TALLYMESSAGE>

    <TALLYMESSAGE xmlns:UDF="TallyUDF">
      <VOUCHER VCHTYPE="Receipt" ACTION="Create">
        <DATE>20260519</DATE>
        <VOUCHERNUMBER>REC-86983601</VOUCHERNUMBER>
        <NARRATION>Payment received - Cash</NARRATION>
        <VOUCHERTYPENAME>Receipt</VOUCHERTYPENAME>
        <ALLLEDGERENTRIES.LIST>
          <LEDGERNAME>Cash</LEDGERNAME>
          <ISDEEMEDPOSITIVE>Yes</ISDEEMEDPOSITIVE>
          <AMOUNT>500</AMOUNT>
        </ALLLEDGERENTRIES.LIST>
        <ALLLEDGERENTRIES.LIST>
          <LEDGERNAME>Sundry Debtors - Patients</LEDGERNAME>
          <ISDEEMEDPOSITIVE>No</ISDEEMEDPOSITIVE>
          <AMOUNT>-500</AMOUNT>
        </ALLLEDGERENTRIES.LIST>
      </VOUCHER>
    </TALLYMESSAGE>

    <TALLYMESSAGE xmlns:UDF="TallyUDF">
      <VOUCHER VCHTYPE="Receipt" ACTION="Create">
        <DATE>20260520</DATE>
        <VOUCHERNUMBER>RCP-DEP-1779220638946-2</VOUCHERNUMBER>
        <NARRATION>Payment received - Deposit</NARRATION>
        <VOUCHERTYPENAME>Receipt</VOUCHERTYPENAME>
        <ALLLEDGERENTRIES.LIST>
          <LEDGERNAME>Bank Accounts</LEDGERNAME>
          <ISDEEMEDPOSITIVE>Yes</ISDEEMEDPOSITIVE>
          <AMOUNT>5600</AMOUNT>
        </ALLLEDGERENTRIES.LIST>
        <ALLLEDGERENTRIES.LIST>
          <LEDGERNAME>Sundry Debtors - Patients</LEDGERNAME>
          <ISDEEMEDPOSITIVE>No</ISDEEMEDPOSITIVE>
          <AMOUNT>-5600</AMOUNT>
        </ALLLEDGERENTRIES.LIST>
      </VOUCHER>
    </TALLYMESSAGE>

    <TALLYMESSAGE xmlns:UDF="TallyUDF">
      <VOUCHER VCHTYPE="Receipt" ACTION="Create">
        <DATE>20260520</DATE>
        <VOUCHERNUMBER>RCP-DEP-1779220638992-3</VOUCHERNUMBER>
        <NARRATION>Payment received - Deposit</NARRATION>
        <VOUCHERTYPENAME>Receipt</VOUCHERTYPENAME>
        <ALLLEDGERENTRIES.LIST>
          <LEDGERNAME>Bank Accounts</LEDGERNAME>
          <ISDEEMEDPOSITIVE>Yes</ISDEEMEDPOSITIVE>
          <AMOUNT>5600</AMOUNT>
        </ALLLEDGERENTRIES.LIST>
        <ALLLEDGERENTRIES.LIST>
          <LEDGERNAME>Sundry Debtors - Patients</LEDGERNAME>
          <ISDEEMEDPOSITIVE>No</ISDEEMEDPOSITIVE>
          <AMOUNT>-5600</AMOUNT>
        </ALLLEDGERENTRIES.LIST>
      </VOUCHER>
    </TALLYMESSAGE>

    <TALLYMESSAGE xmlns:UDF="TallyUDF">
      <VOUCHER VCHTYPE="Receipt" ACTION="Create">
        <DATE>20260520</DATE>
        <VOUCHERNUMBER>RCP-1779226013235-1q6e</VOUCHERNUMBER>
        <NARRATION>Payment received - Cash</NARRATION>
        <VOUCHERTYPENAME>Receipt</VOUCHERTYPENAME>
        <ALLLEDGERENTRIES.LIST>
          <LEDGERNAME>Cash</LEDGERNAME>
          <ISDEEMEDPOSITIVE>Yes</ISDEEMEDPOSITIVE>
          <AMOUNT>1400</AMOUNT>
        </ALLLEDGERENTRIES.LIST>
        <ALLLEDGERENTRIES.LIST>
          <LEDGERNAME>Sundry Debtors - Patients</LEDGERNAME>
          <ISDEEMEDPOSITIVE>No</ISDEEMEDPOSITIVE>
          <AMOUNT>-1400</AMOUNT>
        </ALLLEDGERENTRIES.LIST>
      </VOUCHER>
    </TALLYMESSAGE>

    <TALLYMESSAGE xmlns:UDF="TallyUDF">
      <VOUCHER VCHTYPE="Receipt" ACTION="Create">
        <DATE>20260520</DATE>
        <VOUCHERNUMBER>REC-30099226</VOUCHERNUMBER>
        <NARRATION>Payment received - Cash</NARRATION>
        <VOUCHERTYPENAME>Receipt</VOUCHERTYPENAME>
        <ALLLEDGERENTRIES.LIST>
          <LEDGERNAME>Cash</LEDGERNAME>
          <ISDEEMEDPOSITIVE>Yes</ISDEEMEDPOSITIVE>
          <AMOUNT>500</AMOUNT>
        </ALLLEDGERENTRIES.LIST>
        <ALLLEDGERENTRIES.LIST>
          <LEDGERNAME>Sundry Debtors - Patients</LEDGERNAME>
          <ISDEEMEDPOSITIVE>No</ISDEEMEDPOSITIVE>
          <AMOUNT>-500</AMOUNT>
        </ALLLEDGERENTRIES.LIST>
      </VOUCHER>
    </TALLYMESSAGE>

    <TALLYMESSAGE xmlns:UDF="TallyUDF">
      <VOUCHER VCHTYPE="Receipt" ACTION="Create">
        <DATE>20260520</DATE>
        <VOUCHERNUMBER>REC-30118154</VOUCHERNUMBER>
        <NARRATION>Payment received - Cash</NARRATION>
        <VOUCHERTYPENAME>Receipt</VOUCHERTYPENAME>
        <ALLLEDGERENTRIES.LIST>
          <LEDGERNAME>Cash</LEDGERNAME>
          <ISDEEMEDPOSITIVE>Yes</ISDEEMEDPOSITIVE>
          <AMOUNT>700</AMOUNT>
        </ALLLEDGERENTRIES.LIST>
        <ALLLEDGERENTRIES.LIST>
          <LEDGERNAME>Sundry Debtors - Patients</LEDGERNAME>
          <ISDEEMEDPOSITIVE>No</ISDEEMEDPOSITIVE>
          <AMOUNT>-700</AMOUNT>
        </ALLLEDGERENTRIES.LIST>
      </VOUCHER>
    </TALLYMESSAGE>

    <TALLYMESSAGE xmlns:UDF="TallyUDF">
      <VOUCHER VCHTYPE="Receipt" ACTION="Create">
        <DATE>20260520</DATE>
        <VOUCHERNUMBER>RCP-20260519-8524</VOUCHERNUMBER>
        <NARRATION>Payment received - UPI</NARRATION>
        <VOUCHERTYPENAME>Receipt</VOUCHERTYPENAME>
        <ALLLEDGERENTRIES.LIST>
          <LEDGERNAME>Bank Accounts</LEDGERNAME>
          <ISDEEMEDPOSITIVE>Yes</ISDEEMEDPOSITIVE>
          <AMOUNT>3500</AMOUNT>
        </ALLLEDGERENTRIES.LIST>
        <ALLLEDGERENTRIES.LIST>
          <LEDGERNAME>Sundry Debtors - Patients</LEDGERNAME>
          <ISDEEMEDPOSITIVE>No</ISDEEMEDPOSITIVE>
          <AMOUNT>-3500</AMOUNT>
        </ALLLEDGERENTRIES.LIST>
      </VOUCHER>
    </TALLYMESSAGE>

    <TALLYMESSAGE xmlns:UDF="TallyUDF">
      <VOUCHER VCHTYPE="Receipt" ACTION="Create">
        <DATE>20260520</DATE>
        <VOUCHERNUMBER>RCP-DEP-1779231849917</VOUCHERNUMBER>
        <NARRATION>Payment received - Deposit</NARRATION>
        <VOUCHERTYPENAME>Receipt</VOUCHERTYPENAME>
        <ALLLEDGERENTRIES.LIST>
          <LEDGERNAME>Bank Accounts</LEDGERNAME>
          <ISDEEMEDPOSITIVE>Yes</ISDEEMEDPOSITIVE>
          <AMOUNT>8</AMOUNT>
        </ALLLEDGERENTRIES.LIST>
        <ALLLEDGERENTRIES.LIST>
          <LEDGERNAME>Sundry Debtors - Patients</LEDGERNAME>
          <ISDEEMEDPOSITIVE>No</ISDEEMEDPOSITIVE>
          <AMOUNT>-8</AMOUNT>
        </ALLLEDGERENTRIES.LIST>
      </VOUCHER>
    </TALLYMESSAGE>

    <TALLYMESSAGE xmlns:UDF="TallyUDF">
      <VOUCHER VCHTYPE="Receipt" ACTION="Create">
        <DATE>20260520</DATE>
        <VOUCHERNUMBER>REC-34186489</VOUCHERNUMBER>
        <NARRATION>Payment received - UPI</NARRATION>
        <VOUCHERTYPENAME>Receipt</VOUCHERTYPENAME>
        <ALLLEDGERENTRIES.LIST>
          <LEDGERNAME>Bank Accounts</LEDGERNAME>
          <ISDEEMEDPOSITIVE>Yes</ISDEEMEDPOSITIVE>
          <AMOUNT>850</AMOUNT>
        </ALLLEDGERENTRIES.LIST>
        <ALLLEDGERENTRIES.LIST>
          <LEDGERNAME>Sundry Debtors - Patients</LEDGERNAME>
          <ISDEEMEDPOSITIVE>No</ISDEEMEDPOSITIVE>
          <AMOUNT>-850</AMOUNT>
        </ALLLEDGERENTRIES.LIST>
      </VOUCHER>
    </TALLYMESSAGE>

    <TALLYMESSAGE xmlns:UDF="TallyUDF">
      <VOUCHER VCHTYPE="Receipt" ACTION="Create">
        <DATE>20260520</DATE>
        <VOUCHERNUMBER>RCP-1779283252256-yjfc</VOUCHERNUMBER>
        <NARRATION>Payment received - Cash</NARRATION>
        <VOUCHERTYPENAME>Receipt</VOUCHERTYPENAME>
        <ALLLEDGERENTRIES.LIST>
          <LEDGERNAME>Cash</LEDGERNAME>
          <ISDEEMEDPOSITIVE>Yes</ISDEEMEDPOSITIVE>
          <AMOUNT>700</AMOUNT>
        </ALLLEDGERENTRIES.LIST>
        <ALLLEDGERENTRIES.LIST>
          <LEDGERNAME>Sundry Debtors - Patients</LEDGERNAME>
          <ISDEEMEDPOSITIVE>No</ISDEEMEDPOSITIVE>
          <AMOUNT>-700</AMOUNT>
        </ALLLEDGERENTRIES.LIST>
      </VOUCHER>
    </TALLYMESSAGE>

    <TALLYMESSAGE xmlns:UDF="TallyUDF">
      <VOUCHER VCHTYPE="Receipt" ACTION="Create">
        <DATE>20260521</DATE>
        <VOUCHERNUMBER>RCP-DEP-1779354691969-2</VOUCHERNUMBER>
        <NARRATION>Payment received - Deposit</NARRATION>
        <VOUCHERTYPENAME>Receipt</VOUCHERTYPENAME>
        <ALLLEDGERENTRIES.LIST>
          <LEDGERNAME>Bank Accounts</LEDGERNAME>
          <ISDEEMEDPOSITIVE>Yes</ISDEEMEDPOSITIVE>
          <AMOUNT>2800</AMOUNT>
        </ALLLEDGERENTRIES.LIST>
        <ALLLEDGERENTRIES.LIST>
          <LEDGERNAME>Sundry Debtors - Patients</LEDGERNAME>
          <ISDEEMEDPOSITIVE>No</ISDEEMEDPOSITIVE>
          <AMOUNT>-2800</AMOUNT>
        </ALLLEDGERENTRIES.LIST>
      </VOUCHER>
    </TALLYMESSAGE>

    <TALLYMESSAGE xmlns:UDF="TallyUDF">
      <VOUCHER VCHTYPE="Receipt" ACTION="Create">
        <DATE>20260521</DATE>
        <VOUCHERNUMBER>RCP-DEP-1779354692958-3</VOUCHERNUMBER>
        <NARRATION>Payment received - Deposit</NARRATION>
        <VOUCHERTYPENAME>Receipt</VOUCHERTYPENAME>
        <ALLLEDGERENTRIES.LIST>
          <LEDGERNAME>Bank Accounts</LEDGERNAME>
          <ISDEEMEDPOSITIVE>Yes</ISDEEMEDPOSITIVE>
          <AMOUNT>2800</AMOUNT>
        </ALLLEDGERENTRIES.LIST>
        <ALLLEDGERENTRIES.LIST>
          <LEDGERNAME>Sundry Debtors - Patients</LEDGERNAME>
          <ISDEEMEDPOSITIVE>No</ISDEEMEDPOSITIVE>
          <AMOUNT>-2800</AMOUNT>
        </ALLLEDGERENTRIES.LIST>
      </VOUCHER>
    </TALLYMESSAGE>

    <TALLYMESSAGE xmlns:UDF="TallyUDF">
      <VOUCHER VCHTYPE="Receipt" ACTION="Create">
        <DATE>20260521</DATE>
        <VOUCHERNUMBER>RCP-1779355017365-35jm</VOUCHERNUMBER>
        <NARRATION>Payment received - Cash</NARRATION>
        <VOUCHERTYPENAME>Receipt</VOUCHERTYPENAME>
        <ALLLEDGERENTRIES.LIST>
          <LEDGERNAME>Cash</LEDGERNAME>
          <ISDEEMEDPOSITIVE>Yes</ISDEEMEDPOSITIVE>
          <AMOUNT>58500</AMOUNT>
        </ALLLEDGERENTRIES.LIST>
        <ALLLEDGERENTRIES.LIST>
          <LEDGERNAME>Sundry Debtors - Patients</LEDGERNAME>
          <ISDEEMEDPOSITIVE>No</ISDEEMEDPOSITIVE>
          <AMOUNT>-58500</AMOUNT>
        </ALLLEDGERENTRIES.LIST>
      </VOUCHER>
    </TALLYMESSAGE>

    <TALLYMESSAGE xmlns:UDF="TallyUDF">
      <VOUCHER VCHTYPE="Payment" ACTION="Create">
        <DATE>20260515</DATE>
        <VOUCHERNUMBER>EXP-20260515-9186</VOUCHERNUMBER>
        <NARRATION>fghffht</NARRATION>
        <VOUCHERTYPENAME>Payment</VOUCHERTYPENAME>
        <ALLLEDGERENTRIES.LIST>
          <LEDGERNAME>Operating Expenses</LEDGERNAME>
          <ISDEEMEDPOSITIVE>Yes</ISDEEMEDPOSITIVE>
          <AMOUNT>6567</AMOUNT>
        </ALLLEDGERENTRIES.LIST>
        <ALLLEDGERENTRIES.LIST>
          <LEDGERNAME>Sundry Creditors</LEDGERNAME>
          <ISDEEMEDPOSITIVE>No</ISDEEMEDPOSITIVE>
          <AMOUNT>-6567</AMOUNT>
        </ALLLEDGERENTRIES.LIST>
      </VOUCHER>
    </TALLYMESSAGE>
      

      

    <TALLYMESSAGE xmlns:UDF="TallyUDF">
      <LEDGER NAME="sisko" ACTION="Create">
        <NAME>sisko</NAME>
        <PARENT>Sundry Creditors</PARENT>
        <ISBILLWISEON>Yes</ISBILLWISEON>
        <ADDRESS.LIST>
          <ADDRESS>EJHFDBWEHFB</ADDRESS>
        </ADDRESS.LIST>
        <GSTIN>EKJHDEWHD</GSTIN>
        <INCOMETAXNUMBER>JDFBJBF</INCOMETAXNUMBER>
      </LEDGER>
    </TALLYMESSAGE>

    <TALLYMESSAGE xmlns:UDF="TallyUDF">
      <LEDGER NAME="HJGUFV" ACTION="Create">
        <NAME>HJGUFV</NAME>
        <PARENT>Sundry Creditors</PARENT>
        <ISBILLWISEON>Yes</ISBILLWISEON>
        <ADDRESS.LIST>
          <ADDRESS>NHVY</ADDRESS>
        </ADDRESS.LIST>
        <GSTIN>NMBVY</GSTIN>
        <INCOMETAXNUMBER>YVV</INCOMETAXNUMBER>
      </LEDGER>
    </TALLYMESSAGE>
      
      </REQUESTDATA>
    </IMPORTDATA>
  </BODY>
</ENVELOPE>